2492 3741
1683 247 1705 297 ἰ
1730 252 1766 298 2
1790 252 1813 298 Ι

154 317 327 384 floret
351 319 643 386 suauitate
672 325 1130 406 incomparabili
1159 345 1175 390 3
1200 329 1425 408 quibus
1447 325 1657 388 eadem
1683 329 1892 412 faepius
1914 373 1930 398 ,

155 464 277 505 non
305 444 516 509 eadem
545 465 745 510 tamen
769 452 998 511 ratione
1015 494 1028 517 ‚
1045 448 1143 510 fied
1169 446 1508 510 admirabili
1537 448 1800 529 quadam
1827 472 1933 514 va-

154 570 364 630 rietate
393 568 896 635 demonstrantur:
924 587 1049 635 tota
1070 571 1269 653 deniq3
1293 569 1479 654 pofiifis
1505 578 1724 632 emicat
1746 571 1931 654 splen-

155 690 303 753 dore
344 694 669 759 verborum
699 741 715 767 ‚
752 717 992 758 morum
1026 696 1243 757 decore
1264 738 1278 762 ,
1315 695 1652 778 figurarum
1681 697 1893 778 copia.)
1913 741 1928 755 .

156 813 431 887 Interim,
461 817 610 882 dum
640 820 871 884 Etrusci
901 816 1135 901 rythmi
1160 817 1436 904 vndique
1466 840 1572 902 per
1594 836 1773 902 typos
1800 821 1930 882 lau-

155 938 281 1002 dati
318 940 608 1023 leguntur
633 989 647 1014 ,
675 963 743 1010 tu
781 942 879 1007 hic
907 944 1037 1005 eius
1066 941 1292 1009 Latino
1315 945 1759 1029 Epigrammate
1784 964 1928 1006 cum

161 1063 378 1148 plausu
407 1063 639 1132 fruere.

240 1346 346 1400 DE
393 1349 806 1406 LVDOVICI
841 1352 1024 1408 XIIIv
1073 1353 1558 1409 GALLIARVM
1608 1350 1834 1406 REGIS

803 1574 1259 1625 EFFIGIE.

140 1807 365 1881 Perfidia
387 1813 612 1866 ementita
629 1809 793 1886 fidem
813 1850 829 1872 ,
855 1831 966 1885 quae
993 1817 1125 1886 Rupe
1150 1810 1362 1866 latebam

272 1939 378 1990 Ceu
398 1936 502 1989 iam
531 1937 729 1990 Lernaeo
740 1936 932 2007 fertilis
961 1934 1147 2004 Hydra
1170 1934 1280 1986 lacu
1300 1969 1316 1992 ,

136 2059 201 2113 N
205 2077 296 2113 unc
322 2073 465 2131 rapta
486 2065 537 2112 in
559 2060 776 2116 medium
798 2099 813 2120 ,
824 2060 1143 2136 frontemque
1171 2073 1400 2135 exponere
1428 2055 1582 2129 iuffiz,

271 2180 499 2256 Regalem
524 2181 701 2237 dextra
719 2181 925 2261 fitpplt'ce
938 2186 1067 2260 pellit
1090 2186 1294 2258 Equum
1309 2202 1329 2241 ;

133 2306 251 2363 Sed
261 2310 347 2384 qui
372 2323 508 2382 terga
528 2311 711 2384 premit
733 2312 792 2366 V
797 2311 919 2363 ic‘i'or
939 2347 954 2370 ,
975 2310 1062 2364 dat
1073 2311 1272 2378 fraena,
1285 2304 1602 2382 gradumque

171 2473 173 2475 -
272 2434 543 2489 ‘Promouet
560 2473 576 2495 ,
599 2440 656 2502 ff)
678 2450 860 2488 tetrum
879 2435 1076 2489 conterit
1098 2451 1261 2506 ‘ungue
1291 2438 1478 2507 Caput.

134 2560 193 2615 O*
219 2557 426 2613 videant
455 2560 696 2614 ‘Thraces
719 2597 734 2616 ‚
758 2563 1005 2636 Sociaeque
1021 2557 1243 2636 pericula
1270 2558 1399 2613 dolii

275 2685 308 2737 I
311 2703 344 2737 n
365 2683 617 2752 Scythiam
633 2698 885 2761 properent
901 2688 1065 2765 sponte
1087 2681 1245 2738 redire
1255 2689 1409 2753 suam
1425 2723 1436 2736 .

223 2800 432 2865 Video
459 2808 680 2884 pariter
709 2801 915 2865 Musas
942 2804 1211 2865 certatim
1237 2822 1442 2862 omnes
1474 2806 1537 2863 in
1567 2802 1733 2885 Laelij
1764 2805 1919 2870 Gui-

137 2925 417 3007 diccionij
462 2925 775 3007 amplexus
805 2949 977 2989 ruere
1004 2972 1019 2994 ,
1046 2924 1295 3009 eiusque
1319 2924 1651 2990 deosculari
1680 2951 1914 2994 manus,

142 3051 230 3114 At
253 3049 292 3111 ὸ
319 3049 472 3132 quid
500 3048 659 3110 istud
675 3095 689 3119 ,
711 3051 880 3134 quod
908 3048 1134 3114 video?
1156 3073 1230 3111 en
1255 3051 1917 3125 Marmaemulatione),

140 3197 208 3236 ac
242 3175 550 3258 zelotypia
584 3175 976 3239 extimulatur
1000 3221 1015 3244 ,
1040 3173 1120 3237 ob
1147 3173 1211 3236 id
1243 3174 1463 3238 scilicet
1488 3222 1501 3243 ,
1532 3177 1699 3260 quud
1730 3181 1920 3239 Aoni-

1380 3305 1458 3385 Q
1738 3301 1841 3364 des
