2492 3741
1759 236 1855 337 89

199 320 385 383 duere
412 367 427 391 ,
465 321 631 384 haud
669 322 913 388 difficile
941 347 1073 387 earn
1104 325 1215 388 esse
1245 329 1533 413 intelliges
1557 376 1570 402 ,
1594 356 1726 419 quae

375 454 580 510 Vltima
609 454 867 527 caelessum,
888 457 1102 512 ‘Terras
1129 466 1321 530 Astraea
1344 459 1562 537 reliquit.
1999 492 2098 528 Ouid,
2116 492 2200 528 Me-

199 592 268 637 vt
300 591 500 634 tamen
526 571 695 635 haud
737 572 1025 657 despiciat
1067 572 1334 636 nostrum
1376 574 1493 640 hoc
1517 579 1782 647 seculum
1815 629 1830 654 ,
1867 583 1965 651 sed
1997 540 2196 579 ‘mum

195 697 398 781 potius
426 743 439 766 ‚
465 697 632 779 quod
661 697 805 760 olim
830 697 1046 766 Vates,
1079 697 1363 781 idemque
1392 700 1535 765 Rex
1566 704 1962 773 Sanffiffimus

194 821 573 904 praedixerat,
600 820 632 882 e
653 820 825 883 Caelo
847 821 1099 902 benigne
1128 822 1461 907 prospicere
1488 826 1788 894 videatur.
1805 836 1961 918 Quae

192 946 344 1009 vero
384 944 612 1027 byffina
642 944 835 1014 veste,
866 950 930 1008 &
964 944 1131 1009 flauo
1170 950 1333 1010 crine
1376 950 1665 1036 refulgens
1688 1001 1701 1024 ‚
1746 954 1960 1019 hume-

188 1090 330 1130 rum
356 1115 368 1139 ,
400 1071 808 1152 lacertumque
836 1070 1002 1133 nuda
1025 1116 1040 1140 ‚
1065 1072 1348 1135 nodosam
1378 1076 1617 1141 sustinet
1647 1078 1957 1150 elimam-24

186 1191 629 1256 Fortitudinem
658 1192 827 1255 haud
847 1193 1030 1256 dubie
1057 1195 1233 1259 refert
1250 1220 1263 1265 3
1281 1205 1342 1261 &
1360 1200 1611 1264 delicato
1635 1207 1866 1286 pariter,
1883 1226 1954 1264 ac

183 1316 424 1379 robusto
445 1319 710 1399 corporis
737 1314 984 1384 habitu,
1003 1317 1332 1381 humanam
1359 1322 1555 1404 plane,
1577 1346 1645 1387 ac
1672 1326 1954 1390 ciuilenb

183 1436 340 1502 hanc
364 1439 475 1501 effe
505 1440 821 1504 Virtutem
851 1462 958 1502 nos
984 1440 1267 1507 admonet
1288 1489 1302 1513 ‚
1326 1466 1449 1506 non
1484 1447 1764 1524 agrestem
1789 1466 1953 1509 non-³

181 1560 369 1625 feram
407 1590 419 1624 :
462 1563 850 1648 quamobrem
890 1566 1020 1624 eius
1062 1566 1230 1624 lateri
1264 1561 1528 1626 consulto
1568 1569 1950 1633 adiunctam-2

180 1691 397 1770 opinor
451 1687 723 1749 Puellam
775 1684 1264 1768 elegantissimam
1302 1729 1318 1755 ,
1371 1706 1504 1771 quae
1545 1734 1560 1759 ‚
1611 1695 1795 1753 comis
1848 1690 1950 1752 ad-

177 1812 363 1875 ducto
398 1809 575 1893 supra
606 1811 864 1873 frontem
892 1810 1055 1872 nodo
1087 1812 1380 1871 reuocatis
1409 1853 1423 1879 ,
1459 1815 1832 1879 miniatulam
1859 1818 1948 1877 in·-

173 1939 362 2003 duens
397 1939 668 1997 tunicam
701 1931 1094 2016 strophioque
1126 1931 1303 1994 castas
1338 1933 1585 2017 papillas
1617 1939 1899 2002 cohibens
1926 1982 1942 2009 ,

173 2074 334 2131 obem
375 2060 653 2122 manibus
691 2056 1152 2139 complectitur,
1180 2062 1487 2142 tangitque
1528 2077 1648 2123 tam
1685 2060 1945 2126 suauiter

172 2180 424 2246 chordas
452 2228 466 2252 ,
494 2200 563 2246 vt
586 2184 771 2266 ipsam
799 2181 1018 2244 dixeris
1045 2182 1444 2277 Harmoniam
1477 2233 1488 2245 .
1535 2182 1942 2251 Postremum

171 2306 434 2392 denique
462 2306 694 2369 obtinet
726 2307 927 2370 locum
959 2307 1162 2389 Virgo
1187 2349 1202 2373 ‚
1232 2279 1658 2370 vultuldecoro
1680 2353 1694 2377 ‚
1721 2325 1939 2393 atque)

171 2431 384 2502 hilari,
427 2430 738 2496 thalassina
779 2430 940 2494 veste
968 2430 1180 2493 induta
1207 2475 1220 2497 ,
1250 2435 1442 2492 aureis
1472 2430 1754 2494 sideribus
1800 2453 1938 2494 con-

171 2573 331 2619 texta
353 2602 367 2625 ‚
396 2557 645 2619 caerulea
669 2560 825 2620 vitta
850 2554 1103 2619 frontem
1129 2552 1401 2616 redimita
1422 2577 1437 2623 3
1462 2573 1596 2638 quae
1619 2555 1798 2618 altera
1819 2575 1939 2616 ma-

171 2703 259 2742 nu
287 2679 527 2764 Spicam
552 2698 750 2743 tenens
778 2721 792 2748 ,
821 2679 1011 2742 multa
1038 2678 1204 2762 prole
1233 2675 1576 2739 foecundam
1602 2722 1617 2747 ,
1647 2683 1710 2742 &
1746 2676 1938 2740 arista-

169 2826 309 2868 rum
331 2807 495 2869 vallo
519 2807 812 2869 munitam
838 2849 852 2872 ,
884 2824 1076 2888 prono
1102 2806 1165 2864 in
1192 2819 1408 2864 terram
1438 2802 1620 2865 vultu
1642 2847 1656 2871 ‚
1686 2801 1937 2885 benigne

173 2952 277 2992 nos
314 2931 549 3014 respicit
572 2975 585 2998 ‚
621 2935 681 2991 ὃς
721 2925 1171 2990 foecunditatem
1207 2923 1378 2987 rebus
1415 2924 1689 2987 omnibus
1716 2928 1936 3009 imper-

171 3059 241 3117 tit
265 3103 278 3115 .
325 3054 570 3117 Adsunt
605 3070 883 3137 praeterea
909 3051 1088 3113 Pueri
1116 3093 1130 3117 ‚
1158 3046 1431 3131 pharetra
1458 3092 1472 3117 ‚
1503 3053 1564 3111 ὃς
1592 3047 1812 3131 sagittis
1846 3071 1935 3111 ar-

173 3189 316 3243 mati
341 3225 354 3249 ,
383 3182 493 3264 qui
525 3178 603 3241 ad
640 3193 858 3240 nutum
884 3175 1129 3238 Diuinae
1160 3172 1502 3254 Sapientiae,
1527 3172 1791 3256 expediti
1809 3171 1936 3236 huc

1326 3297 1403 3358 M
1709 3297 1854 3359 illuc
