2492 3741
1730 240 1868 320 ¹35

210 303 432 360 ‘Dextra
445 323 614 383 potens
630 349 645 370 ,
672 328 772 386 qua
783 321 886 390 post
909 319 1092 368 cineres
1113 352 1128 375 ,
1150 317 1208 369 V
1214 313 1366 376 balde,
1387 330 1658 391 perennas,

343 432 403 483 Ox
426 434 483 488 V
490 430 624 488 balde
644 440 767 490 meis
792 439 910 492 vtile
935 460 1104 495 nomen
1129 444 1266 495 auis.

205 555 308 629 Ipse
331 571 471 610 tuam
498 567 647 633 nqstro
672 562 862 635 voluisti
883 568 934 618 in
938 573 1198 637 stemmate
1224 568 1488 644 Qercum

342 684 402 735 V
406 685 534 738 iuere
550 724 565 745 ,
586 696 643 757 et]
664 706 723 743 ‘vt
746 688 880 748 nobis
905 690 1414 766 aureasaeclafbrent,

199 810 399 865 &Mella
428 813 605 870 dabant
634 816 891 902 Qercus.
920 815 1020 868 haec
1052 832 1095 868 te
1121 817 1316 870 ‘uiuente
1333 819 1570 886 fherunt5

335 940 400 994 H
402 965 468 995 aec
484 948 613 1016 βω,
634 960 752 995 nam
775 945 939 995 Pistor
966 943 1136 997 viuere
1157 940 1304 995 donat
1325 941 1482 995 adhuc
1498 981 1512 994 .

198 1060 360 1118 Viuis
380 1067 540 1122 adhuc
560 1109 576 1129 ,
600 1087 713 1122 neue
738 1068 862 1120 inter
885 1072 1017 1145 Apes
1043 1070 1282 1121 taciturne
1302 1071 1552 1129 moraris;

329 1191 361 1242 I
362 1212 394 1245 n
423 1192 822 1273 Quercusitades
849 1192 975 1244 melli
1010 1210 1121 1247 care
1142 1210 1277 1249 mea.

285 1312 447 1379 Dein
485 1335 725 1382 mecum
761 1317 966 1379 oculos
1009 1339 1295 1385 conuerte
1330 1326 1392 1385 in
1438 1326 1786 1407 proximum
1824 1344 1970 1406 prae-

190 1433 602 1505 stantiffimum
635 1446 930 1504 quenem
970 1442 1268 1508 Carolum
1312 1447 1706 1512 Eustachium
1731 1491 1745 1514 ‚
1788 1450 1966 1508 cuius

184 1561 331 1623 olim
365 1566 626 1629 Carmen
649 1572 774 1637 (cui
805 1565 1208 1649 Parthenopes
1236 1588 1455 1627 nomen
1491 1566 1747 1642 indidit)
1771 1565 1965 1631 suaui-

186 1703 304 1748 tate
349 1691 597 1771 plenum
627 1736 640 1758 ‚
673 1709 742 1753 vt
776 1688 1039 1772 primiim
1083 1689 1505 1773 Melpomenes
1539 1712 1708 1754 aures
1735 1697 1928 1777 tetigit
1943 1693 1964 1763 ,’

183 1810 374 1874 stati-m
401 1816 500 1876 illa
529 1816 918 1878 exclamauit,
951 1814 1041 1871 En

492 1950 809 2021 tergeminum
840 1940 1011 1996 st'cula
1034 1940 1090 1995 de
1119 1945 1180 1999 V
1182 1946 1334 2018 irgine
1353 1949 1602 2002 Carmen:
1989 1958 2181 2046 ᾗῖἓιςμκ.

176 2063 821 2150 praeeludite‚Sor0res,
838 2081 1021 2129 aures,
1037 2078 1142 2122 aut
1165 2062 1324 2124 certe*
1349 2062 1649 2127 Thracius
1664 2068 1955 2154 Orpheus

175 2188 501 2252 Bistoniam
522 2187 817 2250 citharam
845 2185 1046 2254 sumat,
1065 2190 1144 2254 δε,
1160 2189 1388 2248 maiora
1413 2210 1646 2260 canens,
1666 2192 1740 2252 ab
1770 2193 1953 2260 huius

175 2330 360 2378 cantu
406 2335 510 2376 nos
554 2311 759 2374 liberet
790 2358 803 2371 .
851 2307 1054 2372 Risere
1087 2308 1165 2370 ad
1199 2307 1325 2372 haec
1366 2313 1609 2397 reliquae
1648 2317 1906 2381 Pierides
1933 2367 1948 2391 ,

175 2459 311 2524 quae
339 2436 1009 2523 inclytae'Parthenopes
1041 2433 1223 2497 Vrbis
1249 2456 1545 2501 nouerant
1570 2439 1826 2522 dignum
1856 2442 1952 2505 Fi-

177 2567 329 2627 lium
358 2609 372 2634 ,
403 2563 627 2625 liberali
672 2560 927 2643 ingenio'
950 2559 1303 2645 praeditum,
1338 2560 1681 2625 liberalibus
1723 2566 1947 2630 artibus

178 2690 482 2752 imbutum
515 2713 529 2759 3
557 2686 878 2772 omnesque
899 2683 1116 2750 deinde
1144 2729 1158 2753 ‚
1191 2684 1586 2768 Melpomene
1611 2691 1674 2750 in
1697 2692 1906 2773 primis
1930 2714 1946 2762 ·,

180 2813 409 2898 perdite
431 2813 812 2878 adamarunt.
840 2813 946 2876 Tu
974 2833 1046 2874 ne
1073 2812 1246 2880 time,
1280 2811 1514 2895 perlege
1533 2858 1547 2872 .

1719 3291 1863 3356 Eius
