2492 3741
1711 211 1822 286 49

235 280 326 342 At
355 280 728 345 Bellatricem
755 286 949 355 illam,
976 289 1041 348 in
1069 285 1312 347 fornicis
1341 288 1558 358 fi‘onte,
1583 289 1812 354 cristata
1838 315 1934 375 ga—

150 405 243 465 lea
267 448 282 472 ,
310 404 615 492 loricaque
646 408 1030 473 adamantina
1053 454 1067 479 ‚
1098 409 1231 492 sago
1259 407 1398 476 rufo
1432 412 1883 494 superindutam
1915 462 1929 485 ,

146 525 549 609 spectantium
585 535 792 596 oculos
830 533 1247 598 verberantem
1285 536 1548 603 intuere·‚
1582 535 1819 606 viden’,
1853 539 1930 601 ad

150 650 334 734 ipfius
368 655 734 727 aduentum,
757 657 1041 723 turbidus
1076 675 1148 722 vt
1182 659 1284 722 aer
1310 658 1652 744 spargitur?
1689 680 1833 723 mox
1861 677 1930 725 vt

149 773 387 859 fulgore
425 781 699 845 coruscat
725 788 750 845 ?
780 802 849 846 vt
876 782 1112 864 Virago
1138 781 1264 867 ipsa

327 902 526 974 Prosilit
542 947 559 967 ,
584 906 822 979 ostendens
845 902 997 958 rutila
1022 928 1138 964 cum
1157 910 1374 985 Gorgone
1388 913 1561 987 pezius
1575 916 1604 965 ἓ
1964 922 2149 1010 Ξζαηᾱζαη.

1998 984 2073 1019 zgan
2093 986 2129 1010 o—

1963 1023 2071 1057 mach.

325 1031 564 1106 eAspeHu
587 1048 804 1087 contenta
809 1030 906 1101 sito
931 1071 946 1092 ‚
966 1051 1059 1088 non
1081 1036 1244 1090 ‘utitur
1264 1035 1398 1105 hasta
1414 1074 1431 1094 ³

322 1159 474 1212 Nam
475 1158 613 1233 satis
643 1164 704 1229 ss
727 1155 899 1231 vidiffe
907 1157 1066 1228 semel
1077 1183 1095 1212 .·
1105 1161 1424 1236 primumque
1430 1162 1684 1231 furentem

320 1280 537 1354 Longius
557 1284 943 1352 infaciemffixi
970 1285 1199 1338 Pallanta
1221 1287 1458 1355 reftrmat
1484 1326 1495 1339 .

150 1401 377 1467 Viden‘
401 1411 663 1469 immane
687 1405 840 1468 illud
870 1407 1082 1469 saxum
1118 1408 1521 1491 prouolutum
1540 1414 1568 1470 ?
1603 1406 1925 1469 Pallantem

143 1531 206 1589 in
238 1551 310 1590 eo
342 1530 538 1600 vides3
571 1527 865 1613 fiquidem

319 1654 409 1709 Ille
418 1657 593 1729 procul
596 1653 775 1724 ſstbitis
787 1649 939 1725 fixus
950 1652 1061 1725 stne
1085 1649 1285 1705 vulnere
1309 1650 1449 1708 nodis
1470 1688 1487 1713 2
1963 1666 2111 1704 1d.ibid.

319 1780 461 1848 'Utst’
477 1778 805 1851 letiftroſsnfit
832 1775 1077 1847 durescere
1099 1778 1210 1847 visu
1226 1814 1244 1835 ,

313 1903 593 1976 Etsteterac
618 1904 724 1956 iam
738 1903 858 1977 pene*
877 1901 1001 1976 lapis
1024 1936 1040 1957 ,
1066 1897 1160 1975 quo*
1190 1904 1479 1955 vertimur?
1507 1901 1697 1977 inquit,

316 2029 586 2109 Qistrpit
597 2043 688 2105 per
711 2024 933 2079 membra
945 2023 1066 2094 filex
1091 2032 1130 2078 ³⁹*
1146 2028 1232 2100 qui
1253 2042 1413 2107 torpor
1442 2028 1649 2081 inertem

317 2161 630 2209 Marmorea
652 2173 728 2207 me
749 2158 868 2228 peste
892 2150 1048 2226 legat?
1069 2154 1169 2206 vix
1177 2167 1345 2229 pauca
1366 2151 1625 2228 loquutus,

316 2278 479 2361 Qod
498 2282 662 2333 timuit
685 2316 700 2340 ‚
728 2282 832 2333 iam
860 2294 989 2332 totus
1017 2293 1122 2333 erat
1143 2313 1154 2326 ·

142 2395 393 2459 Veram
421 2396 545 2459 vna
570 2394 795 2479 suspice
813 2441 827 2465 ,
856 2411 1190 2459 vtarmatae
1219 2393 1472 2478 Virgini
1496 2439 1511 2464 ‚
1539 2395 1645 2457 cui
1673 2398 1736 2457 &
1764 2387 1928 2475 ipse)

147 2520 335 2585 fimile
362 2543 581 2583 nornen
609 2520 842 2604 praefert
871 2563 884 2589 ,
912 2519 1064 2582 dum
1094 2521 1312 2602 pariter
1335 2517 1511 2580 ausus
1538 2534 1896 2581 concurrere

320 2646 582 2698 Pallaneus
605 2681 617 2702 ‚
636 2642 788 2698 oculis
814 2643 1019 2716 aduersa
1048 2640 1290 2698 tuenttbus
1312 2679 1328 2702 ,
1355 2657 1505 2696 atrox
1964 2647 2061 2684 Idem
2080 2647 2160 2685 ibid·

324 2768 610 2845 Ingreditur
631 2807 647 2829 ,
670 2772 909 2846 caecasque
929 2787 1107 2823 manus
1129 2769 1179 2819 in
1206 2765 1416 2822 Pallada
1442 2765 1620 2826 tendit,-

327 2899 391 2953 H
394 2917 487 2950 unc
516 2915 742 2950 mucrone
742 2897 873 2968 fierit
901 2900 1013 2951 Dea
1034 2895 1252 2948 cominus
1277 2933 1293 2954 ‚
1322 2891 1544 2968 acstmul
1566 2908 1748 2969 angues

327 3026 569 3096 Gorgoneo
591 3023 777 3094 riguere
793 3021 902 3097 gelu
920 3059 935 3080 ,
959 3019 1215 3098 corpusque
1221 3033 1316 3097 per
1333 3036 1495 3072 vnum

329 3151 462 3204 Pars
485 3148 843 3218 moritur-ferro
867 3184 882 3206 ,
891 3161 1062 3222 partes
1075 3144 1260 3221 periere
1281 3142 1491 3197 videndo
1509 3187 1520 3199 .

1256 3260 1321 3323 G
1614 3255 1840 3323 Viden'
