2492 3741
1751 211 1936 315 77¹

186 312 274 369 nis
304 317 416 378 (vt
442 330 659 392 magna
683 314 932 374 referam
960 327 982 390 >
1016 336 1121 399 per
1164 315 1591 382 Ecclefiasticas
1617 322 1970 391 Prouincias

184 430 623 497 Sereniffimam
653 436 959 519 Reginam
987 440 1252 504 Mariam
1284 440 1969 514 Austriacam‚inui6tiss

182 556 332 619 fimo
357 557 739 623 Perdinando
770 608 782 630 ,
815 562 1244 627 Romanorum
1273 606 1285 633 ‚
1316 569 1377 627 &
1409 564 1729 631 Pannoniae
1768 571 1925 652 Regi
1957 616 1972 640 ,

181 684 291 764 qui
320 703 485 745 nunc
521 684 854 768 Imperator
891 686 1218 755 felicissime
1243 732 1258 759 ‚
1282 710 1352 752 ac
1378 687 1689 754 fortissime
1720 709 1927 775 regnat
1946 738 1961 763 ‚

178 804 523 888 desponsam
549 853 563 877 ‚
597 811 674 872 ad
705 813 1145 896 augustissimas
1178 816 1420 898 nuptias
1462 815 1962 902 proficiscentem,

176 930 424 993 obuiam
455 935 501 994 is
526 934 825 1017 profestus
839 940 1101 1022 excepit!
1118 938 1323 1019 Quam
1340 938 1588 1023 perinde
1614 938 1963 1010 honorifice,

174 1077 244 1116 ac
276 1057 450 1138 plane
481 1059 641 1143 regie
665 1060 740 1121 ab
765 1060 887 1144 ipsa
912 1061 1153 1144 Regina
1171 1109 1183 1132 ,
1199 1063 1376 1147 longa
1396 1061 1816 1147 Hispanorum
1840 1065 1962 1126 Re-

171 1200 417 1261 gum‚ac
432 1182 740 1246 Caesarum
759 1183 1165 1270 potentissima
1188 1189 1334 1252 serie
1361 1189 1700 1273 conspicua,
1718 1187 1960 1251 habitus

128 1307 131 1309 ’
167 1304 291 1390 ipse
316 1305 426 1368 est!
453 1306 601 1371 dum
620 1314 780 1371 enim
812 1312 1116 1394 Reginam
1140 1313 1574 1383 inuiseret,vix
1598 1317 1794 1398 primo
1816 1312 1957 1374 allo-

166 1432 344 1514 quio,
363 1431 818 1513 perhumaniter
854 1434 976 1517 ipsa
999 1432 1359 1517 consurgens
1383 1481 1397 1506 ,
1429 1436 1735 1499 nudatum
1765 1450 1957 1516 caput

166 1558 402 1636 operire
419 1557 607 1626 illum,
626 1579 694 1620 ac
717 1555 1018 1617 confidere
1043 1557 1332 1617 instanter
1343 1557 1567 1619 voluit.
1595 1556 1765 1618 Idem
1796 1577 1956 1625 mox,

162 1699 235 1739 eo
263 1680 325 1741 in
351 1682 576 1749 itinere,
588 1677 756 1764 apud
777 1679 1238 1744 Anconitanum
1262 1677 1652 1761 Neptunum,
1668 1679 1959 1766 rapidissi-

164 1824 288 1864 mas
312 1801 581 1865 flammas
604 1805 960 1887 extinguens
975 1849 988 1872 ‚
1004 1826 1243 1866 nouum
1266 1804 1461 1866 veluti
1486 1804 1763 1868 Vulcani
1788 1807 1954 1867 flam-

158 1931 506 1991 miuornum
536 1928 758 1990 Filium
776 1971 790 1995 ,
817 1930 935 1988 iam
960 1927 1171 2006 regalis
1199 1923 1461 2010 Hospitij
1489 1928 1639 1990 tecta
1664 1929 1952 1995 inuaden-

159 2069 281 2116 tem
315 2098 330 2122 ‚
375 2056 531 2113 miro
566 2051 779 2115 ardore
815 2096 829 2120 ,
866 2049 1198 2133 oppressit3
1239 2049 1379 2112 inde
1415 2095 1430 2119 ,
1476 2071 1552 2141 ex
1587 2051 1712 2136 ipsa
1748 2053 1948 2117 restin-

160 2178 356 2240 tuone
375 2218 389 2244 ,
410 2175 737 2239 Procerum
760 2222 775 2244 ,
804 2179 913 2258 qui
941 2174 1191 2237 aderant
1216 2218 1229 2243 ,
1248 2175 1798 2260 Matronarumque
1824 2183 1946 2241 ani-

159 2324 287 2366 mos
326 2303 589 2363 maxima
625 2300 840 2383 ergast:
882 2299 1301 2362 beneuolentia
1342 2298 1614 2365 incendit
1659 2350 1671 2363 .
1730 2302 1948 2366 Adfuit

158 2425 446 2510 Principi,
460 2444 747 2509 tanquam
762 2426 910 2487 alter
924 2425 1193 2489 Theseus
1205 2470 1219 2493 ,
1236 2422 1747 2509 Archiepiscopus
1767 2430 1820 2490 A
1831 2448 1949 2493 ma-

158 2550 363 2622 fienfi5‚
383 2549 640 2613 Faustus
664 2550 839 2611 Polus
857 2550 1168 2633 ‚idemque
1194 2547 1553 2631 Apostolico
1581 2549 1808 2612 Palatio
1821 2573 1944 2615 ma-

162 2698 317 2761 gnus
342 2673 693 2742 Praefecstus,
722 2673 923 2737 missus
951 2675 987 2736 a
1016 2677 1272 2736 Summo
1304 2673 1599 2737 Pontifice
1627 2674 1942 2746 Nuncius,

161 2807 272 2886 qui
295 2804 426 2863 eius
467 2802 708 2864 nomine
743 2820 852 2882 per
874 2798 1218 2865 vniuersam
1243 2800 1557 2862 Ditionem
1587 2799 1942 2864 munificen-

163 2927 386 2993 tissimo
409 2926 584 2989 cultu
607 2971 621 2994 ‚
650 2940 831 3008 atque
853 2924 1113 3007 hospitio
1140 2926 1440 3005 Reginam
1467 2927 1789 3007 acciperet:
1813 2944 1941 3009 quo

165 3052 417 3138 quidem
443 3054 508 3113 in
536 3071 782 3113 munere
816 3047 1102 3112 obeundo
1119 3047 1374 3116 ,seruata
1397 3049 1628 3132 vbique
1660 3050 1940 3112 Ecclesia-

165 3176 308 3241 stica
336 3177 649 3261 dignitate,
670 3174 839 3261 apud
858 3174 1060 3238 Sacras
1084 3171 1397 3258 praeiertim
1421 3173 1791 3238 Lauretanas
1820 3177 1943 3237 Ae-

1734 3299 1852 3366 des,
