2492 3741
600 200 649 273 6
883 261 889 269 .

486 220 713 370 uices?-
718 302 1123 366 succedentes.
1168 295 1473 360 Sublicius
1500 292 1652 355 Pons
1681 290 1918 354 aditum
1947 293 2012 353 in
2038 290 2267 354 Arcem

485 428 708 515 praebet
743 455 753 489 :
784 431 848 490 in
882 448 1073 511 eaque
1105 422 1373 509 primum
1399 435 1729 482 occurrunt
1765 416 2045 479 Militum
2086 438 2269 480 excu-

487 555 596 617 biae
621 599 636 622 ,
679 558 742 614 &
773 549 1057 615 custodiae
1084 596 1097 619 ,
1124 546 1336 612 deinde
1369 544 1640 606 stationes
1665 588 1680 614 ,
1703 549 1766 606 &
1794 538 2005 604 Castra
2035 543 2099 603 in
2133 540 2269 602 oc‘to

489 696 680 762 partes
699 677 915 737 diuisa:
936 676 1046 755 hege
1063 673 1413 758 quadratam
1442 690 1641 731 aream
1668 669 2034 750 relinquunt,
2053 667 2116 725 in
2146 684 2269 746 qua

492 802 768 863 militares
797 799 1122 880 disciplinae
1144 799 1472 880 exiguntur
1490 836 1503 861 ,
1529 794 1746 855 milites
1778 790 2179 856 recensentur,
2207 794 2269 850 &

490 919 784 1007 stipendia
813 922 847 982 a
877 919 1309 983 Diribitoribus
1336 917 1758 1002 persoluuntur
1788 965 1799 977 .
1832 916 1998 978 Hinc
2023 913 2098 975 ad
2129 934 2273 973 moe-

492 1053 593 1112 nia
616 1090 631 1115 ,
664 1052 725 1108 &
759 1045 1218 1128 propugnacula
1246 1044 1381 1107 octo
1410 1046 1629 1126 pariter
1656 1040 1766 1104 sele
1803 1043 2082 1123 aperiunt
2112 1039 2229 1099 viae
2258 1084 2269 1095 .

495 1170 703 1235 Castra
729 1172 762 1232 a
786 1187 953 1251 tergo
988 1170 1210 1233 habent
1233 1169 1447 1233 horrea
1470 1212 1484 1236 ,
1513 1175 1574 1230 &
1600 1166 2016 1229 frumentarias
2046 1163 2229 1226 molas
2259 1202 2273 1229 ‚

492 1296 841 1357 annonarias
876 1292 1144 1355 tabernas
1170 1338 1182 1362 ,
1207 1295 1455 1353 olearias
1478 1335 1491 1357 ‚
1531 1290 1986 1352 salsamentarias
2011 1336 2024 1360 ‚
2055 1296 2114 1352 δι
2145 1285 2277 1348 No-

494 1418 823 1483 socomium
850 1416 1292 1479 nitidiffimum:
1322 1428 1670 1476 extremum
1697 1411 1846 1477 vero
1871 1413 2075 1476 locum
2099 1433 2280 1475 occu-

496 1556 643 1626 pant
679 1535 1030 1622 ampliffima
1060 1539 1576 1606 Armamentaria,
1598 1536 1823 1603 bellicis
1855 1536 2175 1606 machinis,
2194 1558 2282 1599 ar-

497 1666 725 1750 misque
751 1672 944 1724 omnis
968 1664 1198 1745 generis
1218 1659 1445 1725 referta:
1465 1659 1723 1727 seorsum
1757 1681 1965 1727 autem
1994 1664 2070 1727 ab
2097 1661 2281 1725 Aedi-

498 1791 646 1872 ficijs
682 1786 1030 1850 construetae
1063 1787 1199 1848 sunt
1237 1788 1516 1870 Vndique
1548 1787 1708 1850 cellae
1732 1834 1745 1857 ,
1782 1789 2079 1873 plumbeis
2117 1790 2284 1849 lami-

496 1921 584 1978 nis
615 1914 797 1981 teclae,
818 1910 1042 1993 quibus
1070 1911 1388 1978 nitrati,ac
1416 1909 1730 1994 sulphurei
1756 1915 2026 1997 pulueris
2048 1916 2143 1977 vis
2163 1933 2284 1973 ma-

497 2062 611 2123 gna
651 2034 1003 2100 reconditur
1030 2083 1043 2096 .
1078 2034 1232 2097 Fons
1265 2033 1532 2117 denique
1568 2057 1854 2119 perennes
1893 2059 2076 2121 aquas
2111 2039 2286 2119 largi-

497 2181 585 2227 ter
621 2179 1014 2244 quacumque
1050 2158 1376 2223 diffundit.
1423 2161 1637 2224 Huius
1672 2166 1853 2229 Arcis
1886 2162 2147 2226 subsidio
2169 2207 2185 2231 ‚
2222 2168 2284 2225 ὅ(

499 2286 698 2351 robori
727 2328 740 2354 ,
783 2285 1065 2348 adiuncla
1105 2309 1207 2348 nos
1243 2283 1478 2370 pridem
1527 2287 1872 2372 aspeximus
1898 2335 1912 2358 ,
1951 2288 2016 2350 id
2056 2307 2285 2370 tempo-

501 2417 579 2474 ris
619 2416 849 2473 ratione
885 2409 1222 2495 postulante
1251 2457 1264 2481 ,
1304 2411 1587 2474 Peditum
1624 2415 1960 2478 ociodecim
1986 2413 2117 2495 plus
2154 2411 2285 2473 mil-

503 2539 581 2600 lia
600 2581 613 2604 ‚
645 2537 937 2620 Equitum
964 2536 1051 2598 bis
1081 2538 1244 2598 mille
1265 2562 1278 2607 3
1302 2537 1524 2623 quibus
1554 2541 1886 2623 imperabat
1914 2533 2287 2601 Excellentis-

504 2661 682 2721 fimus
725 2662 1009 2744 Princeps
1051 2662 1311 2724 Carolus
1351 2662 1745 2728 Barberinus.
1784 2669 1939 2744 Qae
1970 2666 2286 2733 omnia,&

508 2785 815 2869 praecipue
858 2785 1205 2869 dispofitum
1238 2788 1512 2873 vndique
1546 2789 1920 2854 leeriffimum
1952 2790 2242 2877 militem-³
2272 2833 2289 2858 2

510 2905 732 2987 Cesarij
775 2909 1009 2971 Ductor
1047 2917 1343 2977 exercitus
1382 2915 1677 2978 Collaltus
1699 2963 1714 2987 ,
1741 2917 1851 3001 qui
1887 2913 1966 2976 ad
2007 2915 2288 2989 Eminen-

509 3028 805 3091 tissimum
846 3035 1187 3118 Principem
1233 3039 1584 3102 Antonium
1630 3041 2029 3105 Barberinum
2069 3038 2290 3103 Cardi-

512 3153 730 3221 nalem,
756 3155 1081 3236 Legatum,
1109 3160 1448 3228 Bononiam
1474 3185 1756 3236 venerat,
1777 3186 1844 3231 vt
1871 3165 2056 3237 vidit,
2073 3166 2291 3230 merito

2019 3294 2210 3356 admi-
