2492 3741
714 357 1057 443 Eiusdem
1089 362 1436 452 Carmen,
1665 283 1813 361 129·

489 606 579 657 AD
615 609 1192 667 EMINENTISSIMVM
1229 610 1583 660 PRINCIPEM

226 769 913 859 ANTONIVM
996 774 1834 857 CARDINALEM

582 978 642 1031 S·
722 974 1484 1033 HONVPHRII·v

140 1210 228 1265 Ex
255 1210 432 1279 humili
450 1219 567 1271 tello
598 1215 852 1273 dominam
883 1215 1161 1274 translatus
1187 1221 1239 1274 in
1257 1216 1456 1277 aulam,

275 1337 409 1420 Qae
433 1339 592 1395 docuit
603 1344 764 1421 pietas
779 1346 959 1416 ftaena
976 1383 992 1408 ‚
1022 1346 1216 1400 ‘vereris
1242 1342 1426 1398 adhuc.

137 1464 362 1536 Argento
385 1481 478 1519 non
503 1470 645 1520 Arca
659 1471 866 1542 grauis,
887 1471 1176 1539 nonscrinia
1186 1474 1404 1547 gemmis
1417 1509 1433 1535 ,

274 1593 352 1640 M
361 1590 470 1659 ensa
497 1590 660 1648 breuis
675 1630 690 1651 2
704 1595 869 1670 paries
892 1592 1056 1652 nudus
1072 1632 1088 1655 ,
1114 1598 1332 1649 amilius
1359 1595 1490 1666 inops
1511 1630 1521 1642 .

139 1711 432 1768 Pulueream
459 1716 725 1771 ‘Tunicam
752 1716 864 1769 latio
876 1714 972 1788 fhb
996 1719 1184 1769 murice
1206 1715 1360 1790 cingis
1374 1738 1396 1772 :

269 1841 302 1891 I
292 1858 450 1913 gneus
474 1842 525 1893 in
553 1861 686 1897 cocco
696 1842 803 1912 scis
827 1860 988 1896 tamen
1010 1842 1092 1910 ff
1115 1841 1263 1893 cinis.

214 1964 404 2051 Qod
427 1981 634 2029 autem
667 1968 935 2051 sequitur
960 1962 1253 2030 Carmen,
1280 1961 1397 2026 hoc
1426 1986 1555 2030 mea
1577 1990 1673 2030 me
1696 1992 1916 2036 cumu-

128 2092 281 2157 lauit
303 2092 578 2154 incuria:
610 2112 871 2175 nequeas
901 2107 1099 2152 tenere
1127 2083 1310 2151 risum
1338 2130 1352 2157 ,
1378 2088 1530 2155 dum
1561 2089 1782 2160 fafium
1807 2117 1912 2164 au-

128 2216 256 2283 dies
282 2239 294 2276 ε
328 2212 537 2294 Scipio
564 2213 933 2297 Bataglinius
959 2257 974 2281 ,
1000 2212 1124 2276 Vir
1165 2232 1394 2293 magnae
1422 2216 1666 2283 virtutis
1691 2263 1705 2286 ‚
1733 2223 1794 2285 ὃς
1822 2221 1912 2288 in-

128 2360 215 2407 ter
258 2338 556 2420 Principis
592 2339 779 2402 nostri
813 2337 1150 2404 Familiares
1184 2337 1456 2418 apprime
1495 2341 1778 2408 omnibus
1813 2367 1910 2411 ea.-

129 2485 231 2533 rus
258 2508 272 2532 ,
295 2461 661 2545 imposuerat
690 2463 843 2527 mihi
865 2484 1014 2526 onus
1045 2506 1058 2529 ‚
1085 2461 1270 2543 quiam
1294 2461 1571 2530 citissime
1599 2464 1907 2534 consulen—

127 2591 191 2659 di
209 2629 223 2657 ,
257 2589 539 2654 Romana
563 2592 624 2652 in
652 2591 874 2658 Curia,
905 2584 1226 2650 Themidis
1254 2584 1536 2655 Perusina
1561 2589 1866 2658 Orac-‘ulad
1890 2638 1910 2662 .

131 2713 628 2795 Vermigliolium
648 2757 661 2783 ‚
689 2721 751 2778 ὅ(
782 2714 1123 2795 Eugenium
1149 2755 1163 2778 ,
1196 2713 1258 2775 in
1297 2711 1570 2779 iudiciali
1602 2713 1904 2797 quadam

130 2839 335 2900 Causa
361 2883 373 2906 ,
399 2837 474 2899 de
505 2843 763 2922 acceptis
790 2834 1268 2901 Ariminenfium
1298 2835 1904 2907 Iurisconsultorunb

133 2961 410 3047 responfis
436 3007 452 3030 ‚
491 2962 710 3047 quibus
754 2962 1207 3027 Consultiorurn
1243 2959 1590 3023 uuekoritate
1622 2964 1864 3028 firmatis
1886 3012 1901 3036 ‚

134 3086 336 3148 ludici
375 3085 452 3148 ab
492 3091 561 3170 ijs
606 3087 882 3151 recedere
925 3107 1048 3149 non
1084 3085 1287 3147 liceret
1311 3133 1324 3147 .
1374 3084 1446 3146 Id
1482 3087 1632 3148 verb
1672 3087 1905 3150 strenue

133 3233 277 3272 cum
312 3212 655 3296 peregiffem
677 3256 691 3280 ,
718 3211 877 3275 vltrc¹>
899 3210 1062 3274 adire
1086 3209 1472 3272 Ferentillum
1500 3215 1673 3274 volui
1692 3254 1706 3278 2
1733 3211 1905 3273 luris-

1275 3336 1338 3393 R
1672 3340 1821 3418 peri-
