2492 3741
1709 199 1843 271 191

198 261 684 328 Martinozzium
711 261 730 334 ’,
754 264 1165 332 Benedellium
1190 314 1205 339 ,
1235 269 1468 353 Ripam
1495 318 1510 342 ,
1534 292 1794 356 quorum
1822 301 1965 361 prae-

197 389 386 450 claras
407 391 658 453 virtutes
682 436 696 459 ,
730 395 793 453 ὃς
823 396 1035 456 merita
1067 393 1145 457 ad
1169 392 1325 457 hanc
1358 395 1545 478 ipsam
1577 396 1962 480 dignitatem

197 509 492 595 Principis
535 513 924 580 beneficentia
968 521 1207 581 euexit.
1253 519 1361 580 An
1396 518 1544 580 vero
1581 543 1830 603 magnus
1858 525 1960 589 iste

195 638 377 699 totius
404 637 585 701 Aulae
608 638 915 704 consensus
939 640 1228 704 honorem
1249 638 1416 703 hunc
1446 661 1567 702 non
1598 642 1787 708 solum
1811 647 1917 710 tibi
1945 695 1959 718 ‚

190 757 290 822 {ed
319 764 499 825 etiam
527 762 794 847 Principi
819 811 832 834 ,
862 783 1044 848 atque
1076 761 1230 828 adeo
1254 761 1497 830 Virtuti
1526 767 1634 850 ipsi
1665 772 1958 853 gratulan-

188 886 258 946 tis
286 929 300 954 ,
331 885 581 949 obscure
613 909 741 951 rem
777 888 974 952 testari
1008 885 1255 953 videtur
1283 895 1309 952 ?

313 1009 434 1073 Sed
468 1014 654 1075 venio
695 1013 772 1076 ad
808 1031 1082 1097 quartam
1124 1013 1287 1078 illam
1333 1014 1617 1098 Eclogam
1657 1059 1671 1086 ‚
1707 1022 1768 1082 in
1802 1040 1959 1103 qua..-

179 1135 429 1204 me‚sub
462 1135 666 1221 Mopfi
695 1137 1322 1221 persona,loquentem
1347 1140 1614 1209 inducis,
1639 1147 1955 1216 nimirum,

179 1257 289 1320 sub
316 1259 508 1343 specie
546 1262 871 1345 eloquentis
899 1306 912 1329 ‚
958 1261 1348 1350 sapientisque
1377 1267 1525 1330 Viri
1553 1312 1567 1337 ‚
1599 1267 1830 1331 Virum
1867 1273 1955 1331 in-

175 1382 458 1447 disertum
499 1429 515 1453 ,
565 1405 636 1446 ac
676 1383 848 1468 plane
890 1384 1171 1450 infantem
1202 1439 1214 1450 .
1274 1393 1364 1457 At
1396 1409 1453 1455 te
1489 1391 1741 1455 fortassis
1779 1394 1814 1456 a
1848 1415 1953 1457 ve-

174 1509 343 1570 ritate
377 1508 614 1593 longius
656 1530 827 1571 amor
867 1509 1121 1576 abduxit
1157 1558 1170 1583 ‚
1202 1534 1308 1580 aut
1345 1516 1505 1580 certe}
1539 1516 1753 1571 Caroli
1786 1512 1952 1573 Prin-

171 1635 321 1715 cipis
360 1650 611 1699 mortem
651 1633 1058 1702 celebraturus
1092 1674 1106 1698 ,
1150 1652 1295 1694 eum
1334 1630 1680 1693 Tibicinem
1723 1632 1798 1695 ad
1837 1656 1953 1699 nae-

168 1759 330 1818 niam
370 1755 631 1821 euocasti
663 1802 677 1824 ,
709 1775 895 1838 quem
939 1759 1001 1814 ὃς
1041 1760 1246 1813 omnia
1287 1755 1546 1833 propius·
1586 1755 1896 1836 spectasse>
1932 1803 1945 1826 ‚

165 1886 230 1944 &
275 1880 549 1944 acerbius
593 1871 908 1939 indoluisse
939 1871 1272 1935 constaret.
1321 1872 1593 1937 Aderam
1641 1895 1772 1942 tum
1816 1885 1949 1964 qui-

146 1984 305 2068 ‘dem
345 2025 458 2088 ego
501 2003 763 2084 Optimo
819 1997 1088 2081 Principi
1128 2042 1141 2066 ‚
1199 2012 1382 2079 atque
1427 1997 1704 2062 intestino
1748 2005 1943 2065 calcu—

163 2131 222 2193 lo
266 2125 633 2190 laborantem
660 2169 674 2192 ,
713 2119 927 2184 frustra
960 2117 1162 2183 fouere
1201 2118 1483 2201 optabam
1516 2147 1528 2192 ς
1556 2124 1893 2188 admirabar
1922 2173 1937 2195 ,

162 2274 285 2338 qua
311 2252 595 2335 patientia
613 2248 768 2310 hanc
797 2246 978 2330 ipsam
1007 2242 1420 2308 valetudinem
1437 2247 1817 2318 toleraret,vt
1837 2251 1939 2313 do-

161 2381 277 2442 lori
315 2374 593 2439 resisteret
619 2397 635 2441 ⁹,
662 2391 784 2454 qua
816 2370 1059 2433 demum
1082 2367 1411 2431 constantia
1445 2372 1508 2431 in
1546 2368 1779 2434 summo
1805 2395 1939 2435 cru-

162 2506 326 2566 ciatu
345 2547 360 2572 ‚
388 2496 745 2564 recreandus
772 2496 889 2578 iple
908 2539 921 2563 ,
947 2498 1088 2557 alios
1117 2494 1520 2556 consolaretur
1544 2520 1555 2555 ε
1588 2493 1894 2559 accesserat
1919 2543 1934 2567 ‚

162 2629 439 2710 suprema
476 2622 600 2707 ipsa
637 2620 736 2682 die
769 2665 784 2688 ,
823 2618 1115 2685 Riuarola
1152 2662 1167 2687 ,
1211 2616 1424 2679 nobilis
1470 2618 1791 2687 Medicus,
1831 2644 1934 2682 cu-

166 2755 260 2813 ius
292 2747 573 2832 probitati
599 2790 612 2813 ‚
640 2763 822 2827 atque
851 2746 1094 2829 optimis
1129 2740 1354 2807 artibus
1393 2740 1685 2826 Principis
1709 2745 1834 2805 vita
1860 2744 1934 2805 ab

166 2872 564 2939 VRBANO
613 2868 900 2931 pontifice
944 2866 1165 2929 credita
1209 2865 1400 2929 fuerat
1442 2890 1455 2927 t
1499 2868 1544 2926 is
1598 2866 1929 2932 Carolum„

166 2997 448 3082 aspiciens
472 2996 840 3058 moriturum
858 3038 870 3061 ,
890 2992 1061 3089 hilari
1090 2990 1312 3060 fronte,
1329 2995 1564 3053 inanem
1587 2988 1748 3074 spem
1775 2991 1928 3053 alere

165 3121 335 3185 haud
357 3137 768 3204 opportunum
794 3133 1087 3200 reputans,
1102 3113 1343 3179 haerenti
1375 3114 1572 3177 firnilis
1595 3115 1929 3179 videbatur.

1651 3238 1846 3302 Hunc
