2492 3741
588 233 689 298 60

472 333 852 395 Picturarum
890 321 1366 389 narratiunculas
1405 317 1625 380 nostras
1668 320 1693 376 ?
1739 313 1922 376 habes
1957 319 2121 377 enim
2156 320 2266 378 ist)

470 480 591 522 vna
622 455 935 539 scriptione
968 450 1263 512 delineata
1292 443 1612 512 Aedificia,
1628 441 1917 505 Heroum
1942 441 2264 523 imagines3

471 579 693 665 quibus
727 582 999 642 animum
1028 571 1317 634 oblectare
1346 567 1658 630 interdum
1693 585 1880 650 queas
1916 589 1930 624 :
1974 563 2083 624 nifi
2116 534 2292 623 forte*

473 703 588 766 hoc
618 702 793 784 plane
822 700 1052 762 inculto
1080 692 1370 756 scribendi
1395 713 1635 775 genere,
1656 686 1966 772 vepribus,
1987 684 2270 750 sentibus-

474 848 591 912 que
618 822 990 907 impedieris,
1012 816 1213 902 passim
1249 818 1361 881 sese
1387 815 1495 881 tibi
1529 811 1950 897 obijcientibus
1976 862 1988 874 .
2037 812 2269 872 Maneo

477 946 872 1013 nihilominus
897 990 911 1013 ,
946 944 1047 1007 vel
1078 957 1136 1004 te
1168 942 1387 1005 fatente
1412 986 1425 1008 ‚
1457 944 1520 1000 in
1555 940 1839 1002 sententia
1861 983 1874 1007 ‚
1902 961 2024 999 non
2053 931 2271 997 defuis-

478 1073 532 1136 se
560 1072 669 1134 tibi
695 1073 960 1153 aliquam
985 1068 1137 1129 inter
1160 1063 1488 1148 legendum
1518 1063 1988 1131 iucunditatem,
2019 1058 2270 1144 quando

479 1195 646 1256 iubes
669 1215 766 1254 me
797 1189 1136 1260 denudare,
1164 1187 1494 1274 quicquid,
1520 1188 1687 1271 quafi
1715 1186 1825 1248 sub
1857 1189 2107 1253 cortice,
2126 1204 2274 1266 prae-

480 1316 723 1379 stantius
777 1313 885 1375 sub
935 1310 1069 1394 ipsis
1115 1301 1364 1393 piciuris
1399 1314 1626 1389 tegitur
1675 1357 1686 1368 .
1731 1327 1982 1370 conatus
2021 1307 2272 1370 id'sane

481 1440 610 1503 sum
642 1485 656 1509 ,
681 1458 794 1520 pro
823 1436 1041 1516 ingenij
1080 1436 1373 1496 tenuitate
1407 1477 1421 1501 ,
1453 1431 1706 1513 implere
1732 1477 1747 1500 ,
1790 1453 1861 1493 ea
1888 1435 2272 1497 animorum

482 1561 817 1626 nostrorum
848 1555 1276 1618 coniuncffiione
1299 1554 1646 1637 impellente
1668 1601 1682 1623 ,
1703 1575 1840 1639 quae
1865 1556 1941 1618 ab
1968 1558 2091 1639 ipsa
2129 1578 2279 1640 pue-

484 1688 617 1750 ritia
637 1727 651 1754 ‚
675 1706 781 1767 per
810 1703 1051 1743 omnem
1081 1678 1268 1740 ferme
1303 1697 1536 1743 aetatem
1566 1678 1838 1742 interfuit
1870 1727 1884 1748 ,
1920 1689 1982 1744 ὃς
2008 1704 2174 1743 nunc
2212 1681 2279 1742 in

485 1810 609 1895 ipsa
646 1807 941 1870 senectute
978 1802 1315 1863 firmissime
1348 1802 1669 1865 intercedit
1697 1852 1710 1865 .
1758 1804 1950 1866 Mitto
1983 1809 2167 1886 igitur
2200 1807 2279 1869 ad

485 1955 544 2000 te
571 1982 584 2005 ,
621 1944 772 1996 inter
797 1929 943 2011 ipsas
980 1943 1102 1989 tuae
1138 1927 1322 1989 Villae
1346 1924 1833 1993 delicias,veluti
1859 1935 2169 2009 quandam
2199 1930 2277 1992 ad

485 2055 866 2143 amplissimos
897 2053 1225 2115 Virtutum
1258 2050 1463 2112 hortos
1502 2036 2079 2121 introductionem..²
2120 2072 2279 2135 qua„

488 2187 615 2249 illos
648 2202 756 2265 per
775 2197 837 2241 te
873 2178 995 2261 ipse
1035 2174 1429 2258 adire‚atque
1457 2175 1734 2261 Vndique
1760 2175 2281 2246 inambulare,flo·

489 2333 603 2378 res,
625 2304 971 2388 frustusque
1002 2302 1224 2384 legere,
1250 2323 1360 2385 pro
1383 2299 1654 2370 arbitrio,
1688 2308 1750 2365 &
1779 2300 2024 2363 abunde
2053 2320 2234 2386 queas
2267 2352 2280 2364 .

491 2431 729 2516 Ecquid
756 2447 963 2491 autem
992 2448 1114 2488 non
1141 2426 1305 2490 vltro
1344 2426 1603 2509 sperem,
1634 2445 1690 2488 te
1710 2471 1722 2494 ,
1741 2425 2021 2508 perbreui
2051 2425 2164 2489 hac
2201 2429 2282 2489 le-

496 2560 690 2621 &ione
715 2558 1076 2621 excitatum,
1094 2553 1263 2636 quafi
1289 2554 1469 2634 longo
1495 2551 1887 2634 postliminio,
1921 2568 1991 2614 vt
2012 2554 2279 2636 apertius

497 2683 604 2747 tibi
630 2727 644 2751 ‚
676 2703 811 2765 quae
846 2678 1049 2762 legeris
1081 2723 1094 2747 ‚
1132 2677 1502 2741 innotescant
1529 2721 1543 2745 ‚
1577 2676 1809 2738 Vrbem
1838 2675 2024 2759 ipsam
2054 2677 2282 2741 reuisu-

501 2832 634 2870 rum
665 2811 689 2866 ?
717 2826 901 2888 quam
930 2806 1073 2866 olim
1101 2850 1116 2874 ,
1145 2825 1250 2886 per
1273 2802 1635 2864 decennium
1655 2847 1668 2868 ,
1694 2803 1956 2864 maxima
1984 2825 2127 2863 cum
2155 2801 2283 2865 lau-

504 2931 606 2997 de,
638 2931 784 2991 Viri
816 2929 1142 3011 Purpurati
1173 2925 1820 2995 Pocillator,coluist1'.;
1848 2926 1882 2988 a
1909 2944 2032 3009 quo
2059 2930 2281 2991 iterum

508 3051 809 3135 superiore
847 3074 1029 3118 anno,
1057 3068 1127 3113 vt
1160 3054 1287 3114 eius
1317 3051 1633 3113 Cubiculo
1663 3048 1917 3133 praeesses
1944 3096 1958 3119 ‚
1989 3053 2282 3134 pollicita-

511 3175 770 3237 tionibus
799 3177 999 3238 multis
1023 3176 1361 3243 accersitus,
1381 3175 1763 3259 tranquillam
1791 3177 2039 3257 negotijs
2066 3179 2281 3259 procul

1969 3298 2196 3361 ducens
