2492 3741
599 249 623 296 ι
642 219 689 296 6

483 244 843 394 cohaergiues
866 326 1143 390 deducit!
1190 324 1312 388 Hic
1342 322 1520 392 vero,
1537 337 1740 386 amota
1767 323 2057 386 anteriore
2083 321 2266 384 Tem·

488 458 574 540 pli
598 453 763 521 facie,
779 456 1084 515 interiores
1102 467 1290 533 partes
1317 447 1571 531 lingulas
1599 451 1819 510 intueri
1848 448 2002 515 licet,
2026 453 2087 509 &
2104 445 2266 508 VR-

490 577 749 642 BANO
782 574 1289 643 Pontifici,sacras
1328 572 1475 655 ipsas
1507 572 1707 634 Aedes
1736 567 2046 639 inuisenti‚
2075 586 2270 653 gratu-

491 698 786 765 labundos
817 701 1015 762 Patres
1051 697 1258 781 vndiq3
1275 712 1672 764 occurrentes,
1701 696 2071 779 purpuratos
2089 697 2267 757 etiam

493 826 797 905 Principes
826 821 1141 885 Pontificio
1170 824 1336 885 lateri
1363 818 2091 889 adhaerentes,Procerum
2107 818 2273 880 dein-

494 948 570 1011 de
597 990 610 1016 ,
645 963 827 1031 atque
862 947 1225 1010 Aulicorum
1253 944 1568 1027 stipantem
1596 962 1899 1007 cateruam
1934 991 1947 1015 ,
1986 953 2078 1012 ὃς,
2107 941 2276 1026 quod

496 1070 755 1134 maxime
778 1071 1097 1136 admirere,
1124 1067 1379 1150 fingulos
1404 1070 1845 1151 propemodum
1873 1090 1948 1131 ex
1969 1069 2179 1134 vultu,
2196 1082 2280 1127 at-

496 1214 616 1278 que
642 1193 855 1256 habitu
883 1193 1053 1256 facile
1072 1191 1412 1275 dignoscere
1442 1194 1690 1274 poteriS.
1714 1192 1968 1257 Effusam
1999 1189 2280 1276 praeterea

497 1317 575 1380 ad
599 1318 849 1401 Templi
874 1319 1056 1380 limen
1092 1317 1304 1399 populi
1336 1312 1794 1376 multitudinem
1821 1321 2038 1385 cernis,
2072 1317 2274 1378 Ponti-

508 1440 646 1503 ficia
679 1440 950 1506 custodia
976 1442 1372 1525 propellente,
1388 1456 1569 1522 atque
1592 1440 1745 1500 inter
1766 1438 2275 1508 lecticasffiurrus,

501 1583 686 1648 equos
711 1607 724 1629 ,
759 1567 1036 1645 equitum
1059 1584 1285 1627 turmas
1308 1607 1322 1633 ,
1363 1562 1754 1647 hominesque
1780 1585 1966 1646 prope
2011 1567 2289 1626 innume-

502 1711 597 1751 ros
632 1684 1024 1748 discurrentes
1064 1734 1077 1748 .
1142 1683 1283 1746 Nec
1320 1684 1471 1748 vero
1509 1684 1842 1750 inconsulto
1873 1687 2164 1750 Sacchius
2209 1688 2286 1750 ad

503 1814 755 1875 alteram
803 1808 1058 1869 Tabulae
1113 1821 1348 1885 partem
1405 1807 1704 1886 punctum
1751 1812 2027 1892 opticum
2069 1813 2286 1880 finxit,

500 1940 679 2019 eique
718 1932 821 1994 soli
863 1932 1070 1993 lumen
1093 1927 1350 1990 contulit
1372 1967 1386 1995 ,
1423 1945 1493 1990 Vt
1517 1949 1586 1990 ea
1620 1933 1907 1994 nimirum
1938 1938 2169 1998 ratione
2198 1940 2286 1999 in-

504 2066 814 2123 tuentium
836 2054 1140 2117 fastidium
1166 2055 1409 2117 vitaret.
1430 2050 1614 2115 Porro
1629 2054 2091 2136 augustiffimam
2105 2060 2289 2120 Tem-

507 2186 596 2269 pli
626 2183 865 2249 faciem,
895 2182 1056 2262 regia
1086 2177 1378 2258 Principis
1418 2176 1598 2238 nostri
1623 2177 1983 2261 supellectile
2011 2199 2286 2244 ornatam

508 2324 580 2371 vt
619 2306 822 2388 aliqua
856 2306 1083 2365 ratione
1123 2316 1483 2383 exponeret,
1530 2306 1786 2365 intentos
1818 2307 2094 2368 omnium
2141 2330 2285 2369 ocu-

509 2433 592 2494 los
621 2475 635 2498 ‚
666 2428 1013 2512 animosque
1044 2429 1129 2488 rei
1156 2424 1548 2488 admiratione
1579 2425 1876 2510 suspensos
1896 2430 2196 2513 expreffit.

614 2553 734 2617 Sed
779 2553 959 2614 altera
1006 2549 1241 2632 Sacchij
1295 2549 1532 2613 Tabula
1574 2551 1687 2614 sese
1719 2549 1888 2616 offert
1925 2600 1938 2622 ,
1975 2559 2110 2616 meo
2151 2561 2286 2640 qui-

518 2678 656 2742 dem
694 2675 928 2740 iudicio
979 2673 1218 2757 aspectu
1286 2672 1613 2758 digniffima
1655 2726 1667 2739 .
1739 2676 1890 2740 Haec
1944 2678 2009 2741 id
2056 2678 2234 2744 refert
2267 2728 2282 2751 ,

518 2801 686 2884 quod
730 2824 840 2865 nec
881 2803 1224 2863 centenario
1268 2818 1604 2863 recurrente
1649 2824 1807 2866 anno
1850 2802 2127 2888 spectabit
2172 2805 2287 2870 for·

520 2923 656 2988 taffe
692 2925 996 3006 posteritas
1032 2967 1046 2992 ‚
1081 2922 1367 2987 Velitaris
1403 2923 1578 2987 hastae
1615 2925 1811 2990 Ludis
1841 2971 1855 2997 ,
1888 2926 1966 2988 ad
2002 2929 2284 3011 equestris

522 3048 707 3131 praelij
748 3047 1134 3110 simulacrum
1175 3092 1189 3114 ‚
1227 3046 1523 3129 perhibita
1564 3051 1626 3110 in
1660 3051 1923 3134 Agonali
1960 3050 2092 3114 foro
2130 3053 2286 3116 sum-

521 3168 881 3252 ptuofiffima
917 3170 1271 3252 Spectacula
1299 3215 1313 3240 ,
1345 3171 1612 3236 eiusdem
1649 3174 1939 3256 Principis
1974 3176 2155 3239 nostri
2183 3200 2294 3239 au-.

1981 3298 2172 3382 spicijs
2189 3345 2204 3369 ,
