2492 3741
1723 239 1839 315 115

172 321 282 362 nec
313 323 511 373 mora,
535 302 725 366 redire
753 306 958 370 senfim
991 308 1068 371 ad
1090 331 1183 371 me
1215 309 1478 375 Carmen
1502 313 1688 380 sentio
1710 365 1722 389 ,
1752 329 1814 385 &
1842 369 1857 392 ‚
1884 342 1955 388 vt

169 445 365 487 vnum
395 448 469 491 ex
490 428 633 499 alio,
652 432 920 494 Carmen
939 434 1217 504 alterum,
1242 456 1592 520 germanum
1621 440 1708 501 sui
1724 487 1736 509 ‚
1753 444 1953 509 secum

168 547 367 621 ducit,
385 552 667 617 Fraterno
694 554 914 621 scilicet
944 557 1238 624 Numinis
1257 560 1500 624 alterius
1516 584 1829 646 purpureo
1854 590 1954 652 pa-

165 680 310 739 riter
353 678 576 760 pleo'cro
613 678 998 746 decantatum
1019 727 1033 754 ‚
1060 684 1211 747 dum
1231 729 1244 752 ‚
1266 684 1565 749 succifiuis
1589 689 1952 774 quibusdam

163 801 484 873 hori5‚eius
507 805 753 868 dextera
773 806 1074 891 sceptrum
1103 811 1339 892 reponit
1358 812 1588 897 ‚Qam
1612 814 1754 876 vere
1782 838 1951 881 nuno

164 932 445 1013 experior
479 974 494 1000 ‚
527 931 698 1015 quod
726 930 909 999 modo
936 954 1010 998 ex
1041 932 1319 997 Oraculo
1348 932 1656 1003 hauseram
1686 983 1699 1007 ,
1739 938 1950 1026 Saepe,
2016 928 2023 946 ²

157 1055 375 1116 iuuare
398 1101 411 1124 ‚
454 1075 587 1139 quae
623 1056 914 1122 videntur
949 1060 1264 1126 nocitura!
1309 1059 1585 1124 dolebam
1624 1062 1905 1146 equidem
1935 1112 1948 1137 ‚

160 1176 389 1242 Versus
431 1179 629 1264 abijsse
671 1183 910 1269 penitus
952 1203 1028 1246 ex
1069 1188 1361 1247 memoria
1402 1211 1415 1248 :
1454 1207 1591 1249 ecce
1631 1205 1836 1250 autem
1873 1210 1950 1253 ex

153 1301 247 1366 his
287 1306 452 1367 malis
484 1306 731 1389 repente
766 1306 995 1369 felicior
1035 1306 1222 1372 faetus
1261 1309 1389 1376 sum
1419 1353 1432 1380 ‚
1464 1316 1526 1377 &
1555 1310 1674 1373 hoc
1713 1314 1949 1396 ipsuum

156 1429 426 1491 Carmen
451 1474 465 1500 ‚
509 1428 834 1494 Musarum
870 1430 1045 1515 plane
1078 1432 1460 1499 Thesaurum
1502 1478 1515 1503 ,
1544 1455 1728 1517 quem
1759 1455 1835 1496 ex
1861 1435 1952 1514 ijs-

149 1551 290 1616 dem
326 1552 676 1635 aduersarijs
708 1554 1075 1618 subtraetum
1104 1602 1117 1623 ,
1147 1575 1327 1636 atque
1354 1562 1511 1616 intra
1541 1558 1846 1617 memoriae
1868 1555 1951 1619 la-

149 1676 342 1741 tibula
381 1678 495 1742 alte
534 1677 838 1761 repostum
877 1723 891 1745 ,
926 1676 1115 1760 prope
1151 1676 1463 1741 amiseram
1503 1724 1517 1750 ,
1551 1677 1744 1741 statim
1790 1701 1951 1743 rece-

147 1805 210 1886 pi
253 1827 267 1872 3
314 1825 382 1864 ac
424 1801 578 1867 illud
615 1819 846 1866 euentu
891 1800 1127 1868 didici,
1194 1799 1468 1866 Nullum
1523 1806 1636 1866 effe
1687 1803 1944 1872 Senem9

141 1941 267 1991 tarn
292 1925 659 1990 obliuiosum
686 1971 699 1994 ,
730 1944 802 1989 vt
829 1924 1032 1986 locum
1063 1966 1076 1990 ,
1106 1926 1167 1984 in
1195 1941 1320 2005 quo
1345 1922 1696 1989 thesaurum
1723 1927 1942 1995 suum.»

141 2053 188 2112 is
232 2052 627 2115 collocauerit
672 2094 685 2121 ,
740 2048 990 2111 demum
1042 2068 1165 2108 non
1207 2048 1556 2112 recordetur
1583 2098 1595 2109 .
1642 2050 1941 2117 Vtinam

140 2196 288 2257 ergo
319 2193 653 2257 Vtrumque
675 2175 964 2241 Carmen,
981 2169 1212 2235 suamet
1238 2174 1390 2254 pura
1414 2215 1427 2242 ,
1459 2179 1520 2239 ὃς
1550 2174 1809 2240 candida
1836 2199 1939 2239 ve-

140 2300 223 2363 ste
246 2299 593 2363 contedium
622 2298 1055 2383 repraesentem3
1077 2296 1176 2359 sed
1203 2295 1407 2359 adhuc
1436 2320 1683 2368 vereor,
1715 2324 1787 2365 ne
1814 2324 1938 2364 non

140 2429 342 2488 omnia
381 2446 561 2488 aurea
591 2428 648 2486 in
687 2425 755 2506 ijs
785 2422 1129 2487 substituam
1159 2446 1172 2491 3
1204 2422 1319 2484 hoc
1352 2423 1433 2483 est
1461 2468 1472 2491 ,
1508 2445 1581 2484 ne
1607 2424 1759 2507 quid
1783 2430 1936 2497 mei,

144 2571 264 2613 non
296 2548 529 2633 integre
555 2570 821 2619 memor,
852 2549 1179 2613 verborum
1215 2546 1589 2610 interseram:
1616 2564 1797 2612 tuum
1825 2554 1935 2614 erit

144 2676 209 2738 id
239 2677 696 2746 discernere3&,
716 2674 757 2736 fi
788 2674 938 2760 quid
966 2669 1156 2737 deeffe
1189 2670 1533 2742 videbitur,
1564 2696 1698 2735 meo
1727 2677 1934 2737 imme-

145 2803 298 2863 mori
335 2802 568 2864 calamo
589 2807 613 2870 ‘,
640 2822 762 2863 non
802 2797 1163 2864 suauissimis
1189 2797 1426 2885 pledh‘is
1454 2843 1467 2866 ‚
1510 2799 1735 2862 tribuas
1765 2846 1778 2860 .
1823 2798 1932 2861 Tu

146 2927 324 2990 Vnius
351 2919 647 2990 Numinis
686 2926 886 3008 primo
913 2924 1178 2985 Carmen
1208 2927 1415 2994 accipe
1451 2965 1461 2975 ‚
1490 2922 1657 2989 quor*
1694 2921 1926 2985 omrem

146 3053 344 3137 postea
367 3054 624 3116 alterum
656 3047 1084 3131 consequetur.
