2492 3741
599 233 700 322 84

478 341 827 425 exemplum
869 335 944 400 ab
977 335 1229 419 ipsomet
1257 330 1511 395 Sacchio
1546 328 2014 416 exprimendum
2045 374 2060 399 ,
2090 333 2151 391 &
2179 329 2257 391 ad

481 469 801 533 Oratorem
837 463 1027 526 statim
1055 457 1449 524 deferendum
1479 459 1758 519 curauit:
1790 475 1916 539 quo
1955 453 2110 516 nihil
2145 476 2256 518 vn-

482 612 664 676 quam
707 592 928 672 gratius
968 587 1023 648 se
1061 581 1342 668 accepisse
1394 582 1516 645 Vir
1559 578 1976 665 Ampliffimus
2017 578 2256 642 testatus

483 716 605 778 est.
649 712 788 774 Nec
824 712 970 775 vero
993 758 1007 779 ‚
1053 733 1187 774 mea
1225 709 1541 792 scriptione
1574 752 1588 775 ,
1633 723 1929 768 recentem
1966 751 1981 774 ‚
2026 726 2096 766 ac
2136 704 2261 787 pri-

483 860 637 901 mam
672 834 905 915 Sacchij
942 837 1211 895 notitiam
1245 833 1394 895 istuc
1431 830 1789 894 accessuram
1825 827 2258 895 crediderinhs

481 966 659 1025 cuius
691 957 945 1020 Tabulae
963 1002 976 1025 ,
1003 956 1403 1039 superioribus
1431 961 1597 1018 annis
1625 1002 1638 1025 ‚
1662 960 1724 1017 in
1752 954 2016 1015 Galliam
2046 951 2261 1037 depor-

484 1103 619 1150 tatae
655 1129 668 1151 ,
705 1103 991 1163 magnum
1021 1081 1107 1142 illi
1145 1079 1434 1143 honorem
1463 1126 1476 1149 ,
1510 1080 1838 1145 &laudem
1865 1077 2032 1162 apud
2057 1097 2261 1138 ornnes

483 1207 878 1270 conciliarunt
907 1229 918 1264 ε
947 1203 1202 1286 dignum
1233 1203 1366 1266 sane
1393 1227 1616 1267 munus
1645 1250 1659 1272 ,
1685 1204 1853 1287 quod
1881 1205 1916 1264 a
1945 1204 2263 1283 Principe)

483 1328 713 1396 nostro,
741 1327 923 1410 Regis
953 1325 1438 1387 Christianiffimi
1461 1330 1652 1388 oculis
1687 1326 2125 1406 subijciendum
2151 1370 2164 1391 ,
2187 1321 2267 1385 ad

487 1449 1023 1514 Eminentiffimum
1045 1496 1060 1517 ‚
1092 1456 1156 1513 ὃς
1192 1449 1712 1534 Sapientissimum
1744 1447 2088 1531 Principem
2115 1449 2270 1510 Car-

487 1574 747 1639 dinalem
786 1568 1139 1632 Richelium
1173 1614 1187 1641 ,
1229 1578 1569 1635 maximum
1605 1571 1760 1633 illud
1801 1573 2006 1656 Regni
2046 1572 2272 1634 Gallici

489 1714 927 1763 ornamentum,
950 1693 1282 1759 deferretur
1302 1745 1316 1759 .
1336 1696 1430 1759 At
1458 1696 1496 1758 ὸ
1526 1701 1778 1766 vtinam,
1806 1699 2179 1768 <exclamare
2207 1697 2274 1758 li-

491 1823 590 1886 bet
611 1821 788 1883 etiam
815 1817 999 1892 mihi)
1024 1820 1263 1880 Attalus
1291 1820 1552 1887 essem&
1571 1838 1818 1883 centum
1841 1822 2071 1884 talentis
2089 1821 2275 1882 huius

491 1948 685 2031 operis
711 1942 1060 2026 exemplum
1075 1940 1149 2003 ab
1166 1941 1439 2006 Auctore
1462 1945 1718 2006 alterum
1732 1966 2006 2013 emerem,
2025 1952 2086 2007 &
2111 1944 2189 2006 ad
2216 1964 2275 2005 te

493 2075 824 2134 mitterem!
861 2066 971 2130 Tu
998 2065 1176 2136 vero,
1195 2066 1367 2150 quod
1396 2087 1574 2131 tuum
1600 2066 1770 2130 estin
1794 2067 1967 2129 rebus
1995 2069 2277 2130 omnibus

489 2201 844 2262 acutum,&
866 2191 1175 2276 perspicax
1203 2193 1544 2275 ingenium,
1562 2196 1755 2257 multa
1781 2196 1843 2256 in
1867 2193 2001 2279 ipsis
2027 2193 2278 2264 vmbriS,

493 2340 616 2383 non
644 2318 834 2381 solum
860 2317 1108 2401 picturae
1135 2359 1148 2385 ‚
1179 2315 1277 2379 sed
1303 2317 1533 2381 latentis
1556 2324 1798 2384 virtutis
1831 2320 2064 2381 lumina
2108 2319 2282 2383 vide-

495 2443 580 2505 bis
606 2467 619 2513 3
648 2449 709 2507 &
735 2442 845 2506 tibi
874 2442 984 2526 ipsi
1011 2486 1025 2510 ,
1057 2441 1170 2504 hac
1213 2443 1465 2507 lectione
1492 2489 1506 2513 ‚
1539 2467 1705 2507 nouo
1740 2442 1986 2508 fortassis
2026 2448 2276 2510 virtutis

496 2588 692 2630 amore
731 2568 940 2636 aucto,
956 2566 1370 2650 gratulaberis,
1392 2569 1594 2631 incolu
1605 2592 1759 2635 mem
1786 2587 1845 2633 te
1869 2569 1947 2632 ad
1971 2568 2278 2633 celeberri-

497 2710 665 2754 mum
703 2692 1097 2755 Gallicanum
1137 2691 1368 2755 Orbem
1404 2692 1585 2755 istum
1616 2692 1945 2780 perueniss‘e
1977 2720 1991 2766 ς
2029 2694 2142 2760 vbi
2169 2693 2281 2777 spi-

498 2820 690 2878 rantia
710 2820 1012 2882 virtutum
1037 2818 1313 2901 exempla
1333 2817 1612 2881 facillime
1638 2820 1981 2904 recognosci
2008 2818 2279 2905 poss'unt3

502 2960 611 3000 nec
645 2938 854 3004 bellica
887 2945 1080 3005 virtus
1121 2987 1134 3011 ‚
1171 2962 1356 3026 quam
1391 2946 1454 3005 in
1489 2948 1696 3026 primis
1736 2947 2066 3030 amplexari
2095 2942 2278 3008 auide

504 3068 780 3145 percupis
797 3066 1076 3148 ,vsquam
1104 3069 1373 3149 gentium
1410 3071 1596 3151 magis
1620 3073 1886 3154 expleta,
1912 3073 2154 3154 magisq,
2175 3092 2282 3134 eu·

506 3186 730 3250 mulata
761 3185 1110 3272 suspicitur.
1132 3192 1247 3261 At,

2000 3321 2053 3375 0*
2062 3335 2198 3397 prae·
