2492 3741
1770 178 1910 266 189

242 261 427 343 ipsam
464 265 684 348 Operis
722 270 1123 352 praestantiam
1150 320 1164 343 ‚
1216 278 1368 339 nulli
1406 282 1560 342 inter
1594 289 1840 369 antiqua
1871 289 2016 349 inie-

240 388 410 448 rioris
440 429 454 456 ,
487 389 794 456 transferas
828 400 1106 459 animum
1145 439 1160 467 ‚
1195 419 1319 462 non
1356 400 1501 464 alibi
1532 405 1796 486 profec'tc‘)
1832 412 2013 473 collo-

237 532 398 573 cares
421 557 434 581 ,
475 516 662 599 quim]
700 515 806 580 vbi
841 520 1085 583 Tullius
1118 524 1270 587 tanti
1306 522 1599 610 Principis
1633 550 1720 589 res
1761 532 2012 611 gloriose

233 635 417 715 gestas
430 682 445 707 ‚
460 637 836 725 singularesq,
850 645 1103 710 virtutes
1118 690 1132 714 ,
1147 645 1382 727 inclyto
1404 654 1719 735 praeconio,
1743 652 1894 717 solus
1920 657 2010 718 di-

230 758 341 842 gne
364 765 662 826 recensere
687 765 888 851 posset:
906 767 1206 852 quicquid
1228 767 1314 841 fit,
1329 772 1700 860 Auctoripst:
1716 777 2005 843 Mochius

224 882 259 944 ἐι
298 885 352 946 se
387 888 675 951 lineatum
710 892 1060 973 exemplum
1100 892 1253 957 mihi.
1289 896 1687 963 lubentissime*
1727 924 1795 967 ea
1832 905 2003 987 largi-

222 1026 317 1072 tus
346 1011 429 1074 est
469 1013 812 1096 tempestate
838 1058 851 1086 ,
874 1016 1019 1079 cum
1053 1017 1116 1081 id
1151 1018 1272 1102 ipse
1301 1021 1568 1107 Principi
1591 1024 1788 1088 nostro
1823 1027 2000 1092 suum

221 1136 765 1217 praestantissimum
792 1139 1011 1207 obtulit
1029 1142 1242 1227 Opus,
1283 1152 1398 1219 At,
1423 1150 1672 1232 quando
1694 1151 1910 1215 frustra
1936 1157 2000 1218 in

215 1259 406 1342 Tullij
444 1283 545 1322 ore
582 1281 892 1327 tonantem
935 1266 1096 1331 illam
1134 1268 1534 1341 desideramus
1566 1297 1786 1342 vocem
1811 1322 1824 1348 ‚
1851 1299 1997 1361 prae-

209 1381 296 1443 st&
339 1383 451 1446 effe
485 1384 593 1449 tibi
624 1387 812 1469 potest
844 1390 1121 1455 Maronis
1147 1397 1358 1467 melos,
1389 1397 1505 1466 hoc
1534 1401 1616 1466 est
1639 1402 1808 1487 Laelij
1839 1401 1996 1465 Gui-

206 1506 488 1592 dicciom'j
507 1511 771 1575 Carmen
788 1538 801 1581 ς
819 1512 998 1581 habes
1024 1523 1182 1581 enim
1199 1563 1212 1592 ,
1227 1526 1383 1585 inter
1404 1526 1676 1601 vulgatas
1702 1521 1992 1602 superiori

203 1654 362 1696 anno
390 1634 630 1717 Eclogas
655 1682 668 1706 ,
693 1655 965 1722 quartam
990 1680 1005 1702 ‚
1035 1639 1259 1700 vbssad
1284 1641 1561 1702 omnium
1593 1641 1989 1726 Principum„

201 1760 632 1843 compendium
671 1803 684 1827 ,
725 1759 895 1822 breui
937 1760 1309 1841 compendio
1351 1764 1640 1824 recolitur
1686 1770 1988 1850 quicquid.

194 1881 318 1964 ipsa
340 1881 612 1965 Vndique
631 1879 954 1941 deCarolo
981 1876 1253 1966 personat
1279 1864 1700 1966 Pameuod
1729 1891 1880 1953 vere>
1907 1894 1985 1957 ad

194 2026 292 2066 me
317 2004 393 2065 de
418 2005 631 2065 eodem
667 2003 946 2090 Principe
969 2006 1207 2073 attinet,
1224 2004 1337 2066 tibi
1366 2008 1615 2090 legenda
1644 2013 1980 2098 mitt0‚quae

194 2132 272 2192 ad
297 2127 562 2190 eundem
594 2127 850 2193 Laelium
877 2173 889 2196 ‚
913 2150 1043 2189 eam
1072 2127 1275 2190 nauus
1304 2130 1669 2197 occafionem
1688 2180 1701 2205 2
1724 2138 1978 2203 conscri-

191 2254 278 2339 pfi
310 2256 373 2315 in
400 2251 567 2316 hunc
596 2251 770 2335 plane
792 2251 1072 2315 modum:

274 2378 448 2441 Cum
477 2377 749 2461 primum
776 2377 812 2438 ὲ.
833 2395 914 2449 te5
933 2376 1050 2439 Vir
1075 2375 1561 2463 Clariffime,per
1581 2381 1970 2456 Vbaldinum

190 2504 504 2567 Comitem
545 2503 986 2567 Delibationem
1020 2502 1178 2564 illam
1219 2522 1387 2570 tuam
1421 2506 1728 2575 Barberini
1764 2512 1997 2577 Mellis'

188 2632 423 2712 accepi,
449 2596 826 2698 suauitatem,
853 2651 925 2691 an
952 2628 1313 2691 celeritatem
1345 2634 1409 2696 in
1434 2655 1501 2695 ea
1528 2636 1662 2717 plus
1685 2635 1965 2701 admirari

189 2753 501 2817 debuerim
519 2799 532 2823 ‚
558 2752 753 2818 nescio
776 2778 790 2824 3
814 2753 963 2817 illud
986 2751 1132 2822 scio,
1155 2775 1249 2816 me
1278 2756 1549 2840 protinus
1578 2781 1721 2821 cum
1755 2761 1960 2834 Poeta,

187 2879 335 2943 ierit)
357 2880 963 2948 tamen,exclamasse‚

917 3021 1118 3057 manare
1142 3003 1336 3058 Pob'tica
1362 3007 1503 3061 mella
1988 3036 2114 3075 Hora.

356 3149 413 3196 te
438 3132 655 3202 solum,
682 3134 791 3214 qui
