<?xml version="1.0" encoding="UTF-8"?>
<!DOCTYPE html PUBLIC "-//W3C//DTD XHTML 1.0 Transitional//EN"
    "http://www.w3.org/TR/xhtml1/DTD/xhtml1-transitional.dtd">
<html xmlns="http://www.w3.org/1999/xhtml" xml:lang="en" lang="en">
 <head>
  <title>
</title>
<meta http-equiv="Content-Type" content="text/html;charset=utf-8" />
  <meta name='ocr-system' content='tesseract 3.04.00' />
  <meta name='ocr-capabilities' content='ocr_page ocr_carea ocr_par ocr_line ocrx_word'/>
</head>
<body>
  <div class='ocr_page' id='page_1' title='image "aedesbarberinaea00teti_0218.png"; bbox 0 0 2492 3741; ppageno 0'>
   <div class='ocr_carea' id='block_1_1' title="bbox 596 234 732 326">
    <p class='ocr_par' dir='ltr' id='par_1_1' title="bbox 596 234 732 326">
     <span class='ocr_line' id='line_1_1' title="bbox 596 234 732 326; baseline 0.022 -20"><span class='ocrx_word' id='word_1_1' title='bbox 596 234 732 326; x_wconf 81' lang='lat'><strong>178</strong></span> 
     </span>
    </p>
   </div>
   <div class='ocr_carea' id='block_1_2' title="bbox 377 336 2272 1397">
    <p class='ocr_par' dir='ltr' id='par_1_2' title="bbox 478 336 2250 796">
     <span class='ocr_line' id='line_1_2' title="bbox 478 336 2250 424; baseline -0.005 -18"><span class='ocrx_word' id='word_1_2' title='bbox 478 364 631 406; x_wconf 80' lang='lat' dir='ltr'><strong>rerer</strong></span> <span class='ocrx_word' id='word_1_3' title='bbox 657 388 671 410; x_wconf 92' lang='lat'>‚</span> <span class='ocrx_word' id='word_1_4' title='bbox 699 364 771 402; x_wconf 89' lang='lat' dir='ltr'><strong>ne</strong></span> <span class='ocrx_word' id='word_1_5' title='bbox 799 340 1005 403; x_wconf 85' lang='lat' dir='ltr'><strong>eadem</strong></span> <span class='ocrx_word' id='word_1_6' title='bbox 1032 342 1178 424; x_wconf 85' lang='lat' dir='ltr'><strong>ipsa,</strong></span> <span class='ocrx_word' id='word_1_7' title='bbox 1219 339 1409 409; x_wconf 90' lang='lat' dir='ltr'><strong>humo</strong></span> <span class='ocrx_word' id='word_1_8' title='bbox 1435 339 1546 406; x_wconf 89' lang='lat' dir='ltr'><strong>diu</strong></span> <span class='ocrx_word' id='word_1_9' title='bbox 1581 338 1694 401; x_wconf 70' lang='lat' dir='ltr'><strong>alte</strong></span> <span class='ocrx_word' id='word_1_10' title='bbox 1720 336 2043 421; x_wconf 69' lang='lat' dir='ltr'><strong>compressa</strong></span> <span class='ocrx_word' id='word_1_11' title='bbox 2069 377 2083 403; x_wconf 71' lang='lat'>‚</span> <span class='ocrx_word' id='word_1_12' title='bbox 2123 354 2250 399; x_wconf 83' lang='lat' dir='ltr'><strong>tan-</strong></span> 
     </span>
     <span class='ocr_line' id='line_1_3' title="bbox 481 460 2249 549; baseline -0.005 -19"><span class='ocrx_word' id='word_1_13' title='bbox 481 468 618 530; x_wconf 86' lang='lat' dir='ltr'><strong>dem</strong></span> <span class='ocrx_word' id='word_1_14' title='bbox 643 468 700 525; x_wconf 88' lang='lat' dir='ltr'><strong>in</strong></span> <span class='ocrx_word' id='word_1_15' title='bbox 734 465 993 549; x_wconf 81' lang='lat' dir='ltr'><strong>lapidem</strong></span> <span class='ocrx_word' id='word_1_16' title='bbox 1021 510 1035 535; x_wconf 93' lang='lat'>,</span> <span class='ocrx_word' id='word_1_17' title='bbox 1069 464 1313 527; x_wconf 86' lang='lat' dir='ltr'><strong>Natura</strong></span> <span class='ocrx_word' id='word_1_18' title='bbox 1342 483 1584 547; x_wconf 81' lang='lat' dir='ltr'><strong>cogente</strong></span> <span class='ocrx_word' id='word_1_19' title='bbox 1610 506 1623 532; x_wconf 83' lang='lat'>,</span> <span class='ocrx_word' id='word_1_20' title='bbox 1661 462 1969 526; x_wconf 64' lang='lat' dir='ltr'><strong>constrffia</strong></span> <span class='ocrx_word' id='word_1_21' title='bbox 1988 507 2000 530; x_wconf 95' lang='lat'>,</span> <span class='ocrx_word' id='word_1_22' title='bbox 2031 460 2153 522; x_wconf 90' lang='lat' dir='ltr'><strong>huc</strong></span> <span class='ocrx_word' id='word_1_23' title='bbox 2184 463 2249 523; x_wconf 86' lang='lat' dir='ltr'><strong>in</strong></span> 
     </span>
     <span class='ocr_line' id='line_1_4' title="bbox 483 567 2250 673; baseline -0.006 -17"><span class='ocrx_word' id='word_1_24' title='bbox 483 590 829 673; x_wconf 79' lang='lat' dir='ltr'><strong>exemplum</strong></span> <span class='ocrx_word' id='word_1_25' title='bbox 856 590 992 654; x_wconf 82' lang='lat' dir='ltr'><strong>esset</strong></span> <span class='ocrx_word' id='word_1_26' title='bbox 1019 589 1302 653; x_wconf 64' lang='lat' dir='ltr'><strong>adducla:</strong></span> <span class='ocrx_word' id='word_1_27' title='bbox 1329 605 1447 651; x_wconf 85' lang='lat' dir='ltr'><strong>tam</strong></span> <span class='ocrx_word' id='word_1_28' title='bbox 1473 567 1622 653; x_wconf 79' lang='lat' dir='ltr'><strong>viua</strong></span> <span class='ocrx_word' id='word_1_29' title='bbox 1647 589 1843 652; x_wconf 87' lang='lat' dir='ltr'><strong>elucet</strong></span> <span class='ocrx_word' id='word_1_30' title='bbox 1871 590 1934 649; x_wconf 89' lang='lat' dir='ltr'><strong>in</strong></span> <span class='ocrx_word' id='word_1_31' title='bbox 1958 604 2250 648; x_wconf 83' lang='lat' dir='ltr'><strong>marmore</strong></span> 
     </span>
     <span class='ocr_line' id='line_1_5' title="bbox 484 716 872 796; baseline -0.01 -18"><span class='ocrx_word' id='word_1_32' title='bbox 484 721 610 778; x_wconf 86' lang='lat' dir='ltr'><strong>eius</strong></span> <span class='ocrx_word' id='word_1_33' title='bbox 637 716 837 796; x_wconf 85' lang='lat' dir='ltr'>imago</span> <span class='ocrx_word' id='word_1_34' title='bbox 861 763 872 774; x_wconf 91' lang='lat'><strong>.</strong></span> 
     </span>
    </p>

    <p class='ocr_par' dir='ltr' id='par_1_3' title="bbox 377 833 2272 1397">
     <span class='ocr_line' id='line_1_6' title="bbox 377 833 2259 918; baseline -0.003 -19"><span class='ocrx_word' id='word_1_35' title='bbox 377 846 400 881; x_wconf 63' lang='grc' dir='ltr'><strong>Ρ</strong></span> <span class='ocrx_word' id='word_1_36' title='bbox 570 836 688 899; x_wconf 89' lang='lat' dir='ltr'><strong>Sed</strong></span> <span class='ocrx_word' id='word_1_37' title='bbox 715 836 856 898; x_wconf 78' lang='lat' dir='ltr'><strong>Rex</strong></span> <span class='ocrx_word' id='word_1_38' title='bbox 885 836 1060 900; x_wconf 88' lang='lat' dir='ltr'>Ponti</span> <span class='ocrx_word' id='word_1_39' title='bbox 1088 835 1472 901; x_wconf 82' lang='lat' dir='ltr'><strong>Mithridates</strong></span> <span class='ocrx_word' id='word_1_40' title='bbox 1494 841 1694 907; x_wconf 89' lang='lat' dir='ltr'><strong>‚cuius</strong></span> <span class='ocrx_word' id='word_1_41' title='bbox 1724 833 1943 918; x_wconf 83' lang='lat' dir='ltr'><strong>effigies</strong></span> <span class='ocrx_word' id='word_1_42' title='bbox 1967 847 2259 918; x_wconf 86' lang='lat' dir='ltr'><strong>opportu-</strong></span> 
     </span>
     <span class='ocr_line' id='line_1_7' title="bbox 489 957 2261 1044; baseline -0.003 -21"><span class='ocrx_word' id='word_1_43' title='bbox 489 961 564 1023; x_wconf 74' lang='lat' dir='ltr'><strong>ne</strong></span> <span class='ocrx_word' id='word_1_44' title='bbox 585 981 658 1021; x_wconf 76' lang='lat' dir='ltr'><strong>ex</strong></span> <span class='ocrx_word' id='word_1_45' title='bbox 683 957 932 1023; x_wconf 87' lang='lat' dir='ltr'><strong>aduerso</strong></span> <span class='ocrx_word' id='word_1_46' title='bbox 946 961 1252 1044; x_wconf 61' lang='lat' dir='ltr'><strong>speciatur,</strong></span> <span class='ocrx_word' id='word_1_47' title='bbox 1268 966 1469 1044; x_wconf 84' lang='lat' dir='ltr'><strong>magni</strong></span> <span class='ocrx_word' id='word_1_48' title='bbox 1490 964 1701 1029; x_wconf 84' lang='lat' dir='ltr'><strong>animi,</strong></span> <span class='ocrx_word' id='word_1_49' title='bbox 1719 966 1779 1023; x_wconf 70' lang='grc' dir='ltr'><strong>ὅ(</strong></span> <span class='ocrx_word' id='word_1_50' title='bbox 1794 960 2054 1043; x_wconf 87' lang='lat' dir='ltr'><strong>corporis</strong></span> <span class='ocrx_word' id='word_1_51' title='bbox 2069 958 2261 1039; x_wconf 81' lang='lat' dir='ltr'><strong>expri-</strong></span> 
     </span>
     <span class='ocr_line' id='line_1_8' title="bbox 489 1072 2266 1153; baseline -0.003 -6"><span class='ocrx_word' id='word_1_52' title='bbox 489 1107 652 1147; x_wconf 86' lang='lat' dir='ltr'><strong>mens</strong></span> <span class='ocrx_word' id='word_1_53' title='bbox 668 1084 894 1146; x_wconf 88' lang='lat' dir='ltr'><strong>Virum</strong></span> <span class='ocrx_word' id='word_1_54' title='bbox 911 1130 924 1153; x_wconf 92' lang='lat'>,</span> <span class='ocrx_word' id='word_1_55' title='bbox 941 1083 1063 1146; x_wconf 88' lang='lat' dir='ltr'><strong>huc</strong></span> <span class='ocrx_word' id='word_1_56' title='bbox 1089 1085 1657 1151; x_wconf 73' lang='lat' dir='ltr'><strong>translataeGraecia</strong></span> <span class='ocrx_word' id='word_1_57' title='bbox 1672 1129 1684 1152; x_wconf 93' lang='lat'>‚</span> <span class='ocrx_word' id='word_1_58' title='bbox 1705 1072 2135 1147; x_wconf 43' lang='lat' dir='ltr'><strong>vbinobil&#39;iores</strong></span> <span class='ocrx_word' id='word_1_59' title='bbox 2162 1080 2266 1142; x_wconf 86' lang='lat' dir='ltr'><strong>flo-</strong></span> 
     </span>
     <span class='ocr_line' id='line_1_9' title="bbox 488 1206 2272 1293; baseline -0.002 -23"><span class='ocrx_word' id='word_1_60' title='bbox 488 1229 661 1270; x_wconf 77' lang='lat' dir='ltr'><strong>ruere</strong></span> <span class='ocrx_word' id='word_1_61' title='bbox 679 1207 962 1291; x_wconf 83' lang='lat' dir='ltr'><strong>Statuarij</strong></span> <span class='ocrx_word' id='word_1_62' title='bbox 980 1233 993 1277; x_wconf 79' lang='lat'>3</span> <span class='ocrx_word' id='word_1_63' title='bbox 1020 1207 1051 1269; x_wconf 76' lang='grc' dir='ltr'>ἐ</span> <span class='ocrx_word' id='word_1_64' title='bbox 1066 1207 1172 1270; x_wconf 91' lang='lat' dir='ltr'><strong>suo</strong></span> <span class='ocrx_word' id='word_1_65' title='bbox 1184 1209 1534 1293; x_wconf 85' lang='lat' dir='ltr'><strong>pharmaco,</strong></span> <span class='ocrx_word' id='word_1_66' title='bbox 1549 1210 1806 1270; x_wconf 87' lang='lat' dir='ltr'><strong>alterum</strong></span> <span class='ocrx_word' id='word_1_67' title='bbox 1821 1229 1926 1271; x_wconf 88' lang='lat' dir='ltr'><strong>nos</strong></span> <span class='ocrx_word' id='word_1_68' title='bbox 1941 1206 2115 1269; x_wconf 89' lang='lat' dir='ltr'><strong>docet</strong></span> <span class='ocrx_word' id='word_1_69' title='bbox 2129 1227 2272 1267; x_wconf 84' lang='lat' dir='ltr'><strong>con-</strong></span> 
     </span>
     <span class='ocr_line' id='line_1_10' title="bbox 490 1329 2270 1397; baseline -0.002 -6"><span class='ocrx_word' id='word_1_70' title='bbox 490 1348 575 1392; x_wconf 87' lang='lat' dir='ltr'><strong>tra</strong></span> <span class='ocrx_word' id='word_1_71' title='bbox 591 1329 940 1395; x_wconf 88' lang='lat' dir='ltr'><strong>huiusmodi</strong></span> <span class='ocrx_word' id='word_1_72' title='bbox 955 1331 1366 1397; x_wconf 84' lang='lat' dir='ltr'><strong>Foeminarum</strong></span> <span class='ocrx_word' id='word_1_73' title='bbox 1393 1335 1756 1394; x_wconf 87' lang='lat' dir='ltr'><strong>amatorium</strong></span> <span class='ocrx_word' id='word_1_74' title='bbox 1770 1335 1939 1393; x_wconf 87' lang='lat' dir='ltr'><strong>virus</strong></span> <span class='ocrx_word' id='word_1_75' title='bbox 1958 1330 2270 1393; x_wconf 74' lang='lat' dir='ltr'><strong>:aduersus</strong></span> 
     </span>
    </p>
   </div>
   <div class='ocr_carea' id='block_1_3' title="bbox 491 1452 2274 1655">
    <p class='ocr_par' dir='ltr' id='par_1_4' title="bbox 491 1452 2274 1655">
     <span class='ocr_line' id='line_1_11' title="bbox 491 1452 2274 1538; baseline 0.002 -26"><span class='ocrx_word' id='word_1_76' title='bbox 491 1458 650 1514; x_wconf 87' lang='lat' dir='ltr'><strong>enim</strong></span> <span class='ocrx_word' id='word_1_77' title='bbox 669 1457 1044 1535; x_wconf 85' lang='lat' dir='ltr'><strong>Viperarum</strong></span> <span class='ocrx_word' id='word_1_78' title='bbox 1075 1479 1412 1525; x_wconf 88' lang='lat' dir='ltr'><strong>venenum,</strong></span> <span class='ocrx_word' id='word_1_79' title='bbox 1441 1477 1514 1518; x_wconf 84' lang='lat' dir='ltr'><strong>ex</strong></span> <span class='ocrx_word' id='word_1_80' title='bbox 1532 1456 1781 1538; x_wconf 85' lang='lat' dir='ltr'><strong>Viperis</strong></span> <span class='ocrx_word' id='word_1_81' title='bbox 1809 1452 1944 1537; x_wconf 86' lang='lat' dir='ltr'><strong>ipfis</strong></span> <span class='ocrx_word' id='word_1_82' title='bbox 1969 1457 2032 1515; x_wconf 89' lang='lat' dir='ltr'><strong>in</strong></span> <span class='ocrx_word' id='word_1_83' title='bbox 2058 1452 2274 1516; x_wconf 64' lang='lat' dir='ltr'><strong>frusta-2</strong></span> 
     </span>
     <span class='ocr_line' id='line_1_12' title="bbox 496 1571 1640 1655; baseline 0.005 -19"><span class='ocrx_word' id='word_1_84' title='bbox 496 1572 768 1639; x_wconf 87' lang='lat' dir='ltr'><strong>concifis,</strong></span> <span class='ocrx_word' id='word_1_85' title='bbox 800 1571 943 1634; x_wconf 80' lang='lat' dir='ltr'><strong>Rex</strong></span> <span class='ocrx_word' id='word_1_86' title='bbox 979 1585 1225 1655; x_wconf 81' lang='lat' dir='ltr'><strong>parabat</strong></span> <span class='ocrx_word' id='word_1_87' title='bbox 1261 1581 1640 1647; x_wconf 88' lang='lat' dir='ltr'><strong>antitodum.</strong></span> 
     </span>
    </p>
   </div>
   <div class='ocr_carea' id='block_1_4' title="bbox 372 1696 2282 2272">
    <p class='ocr_par' dir='ltr' id='par_1_5' title="bbox 372 1696 2282 2272">
     <span class='ocr_line' id='line_1_13' title="bbox 372 1696 2280 1783; baseline 0.002 -26"><span class='ocrx_word' id='word_1_88' title='bbox 372 1701 407 1737; x_wconf 71' lang='lat' dir='ltr'>G</span> <span class='ocrx_word' id='word_1_89' title='bbox 577 1696 675 1758; x_wconf 82' lang='lat' dir='ltr'><strong>En</strong></span> <span class='ocrx_word' id='word_1_90' title='bbox 692 1717 766 1757; x_wconf 81' lang='lat' dir='ltr'><strong>ex</strong></span> <span class='ocrx_word' id='word_1_91' title='bbox 791 1698 975 1759; x_wconf 86' lang='lat' dir='ltr'><strong>altero</strong></span> <span class='ocrx_word' id='word_1_92' title='bbox 1002 1698 1209 1767; x_wconf 90' lang='lat' dir='ltr'><strong>latere,</strong></span> <span class='ocrx_word' id='word_1_93' title='bbox 1231 1698 1588 1780; x_wconf 80' lang='lat' dir='ltr'><strong>probitatem</strong></span> <span class='ocrx_word' id='word_1_94' title='bbox 1614 1703 1850 1783; x_wconf 84' lang='lat' dir='ltr'><strong>spirans,</strong></span> <span class='ocrx_word' id='word_1_95' title='bbox 1869 1701 2066 1762; x_wconf 84' lang='lat' dir='ltr'><strong>Marci</strong></span> <span class='ocrx_word' id='word_1_96' title='bbox 2084 1702 2280 1762; x_wconf 74' lang='lat' dir='ltr'><strong>Aure-</strong></span> 
     </span>
     <span class='ocr_line' id='line_1_14' title="bbox 492 1818 2280 1906; baseline 0.003 -25"><span class='ocrx_word' id='word_1_97' title='bbox 492 1820 553 1900; x_wconf 84' lang='lat' dir='ltr'><strong>lij</strong></span> <span class='ocrx_word' id='word_1_98' title='bbox 577 1819 877 1883; x_wconf 81' lang='lat' dir='ltr'><strong>Antonini</strong></span> <span class='ocrx_word' id='word_1_99' title='bbox 894 1818 1291 1898; x_wconf 85' lang='lat' dir='ltr'><strong>Imperatoris,</strong></span> <span class='ocrx_word' id='word_1_100' title='bbox 1303 1839 1702 1898; x_wconf 84' lang='lat' dir='ltr'><strong>cognomento</strong></span> <span class='ocrx_word' id='word_1_101' title='bbox 1717 1821 2280 1906; x_wconf 81' lang='lat' dir='ltr'><strong>Philosophi,Simu-</strong></span> 
     </span>
     <span class='ocr_line' id='line_1_15' title="bbox 494 1937 2279 2026; baseline 0.001 -20"><span class='ocrx_word' id='word_1_102' title='bbox 494 1943 725 2006; x_wconf 86' lang='lat' dir='ltr'><strong>lacrum</strong></span> <span class='ocrx_word' id='word_1_103' title='bbox 743 1968 754 2002; x_wconf 90' lang='lat'><strong>:</strong></span> <span class='ocrx_word' id='word_1_104' title='bbox 771 1939 888 2002; x_wconf 87' lang='lat' dir='ltr'><strong>hoc</strong></span> <span class='ocrx_word' id='word_1_105' title='bbox 915 1937 1085 2001; x_wconf 86' lang='lat' dir='ltr'><strong>nobis</strong></span> <span class='ocrx_word' id='word_1_106' title='bbox 1111 1956 1246 2000; x_wconf 86' lang='lat' dir='ltr'><strong>ante</strong></span> <span class='ocrx_word' id='word_1_107' title='bbox 1272 1942 1480 2004; x_wconf 88' lang='lat' dir='ltr'><strong>oculos</strong></span> <span class='ocrx_word' id='word_1_108' title='bbox 1508 1945 1676 2026; x_wconf 83' lang='lat' dir='ltr'><strong>ponit</strong></span> <span class='ocrx_word' id='word_1_109' title='bbox 1700 1945 2003 2005; x_wconf 87' lang='lat' dir='ltr'><strong>summum</strong></span> <span class='ocrx_word' id='word_1_110' title='bbox 2019 1946 2245 2008; x_wconf 88' lang='lat' dir='ltr'><strong>Virum</strong></span> <span class='ocrx_word' id='word_1_111' title='bbox 2264 1990 2279 2014; x_wconf 86' lang='lat'><em>.</em></span> 
     </span>
     <span class='ocr_line' id='line_1_16' title="bbox 496 2063 2282 2146; baseline -0.001 -17"><span class='ocrx_word' id='word_1_112' title='bbox 496 2068 687 2129; x_wconf 87' lang='lat' dir='ltr'><strong>forma</strong></span> <span class='ocrx_word' id='word_1_113' title='bbox 714 2063 1113 2145; x_wconf 87' lang='lat' dir='ltr'><strong>conspicuum</strong></span> <span class='ocrx_word' id='word_1_114' title='bbox 1130 2107 1143 2131; x_wconf 87' lang='lat'><strong>,</strong></span> <span class='ocrx_word' id='word_1_115' title='bbox 1162 2065 1404 2146; x_wconf 85' lang='lat' dir='ltr'><strong>ingenio</strong></span> <span class='ocrx_word' id='word_1_116' title='bbox 1422 2067 1668 2137; x_wconf 83' lang='lat' dir='ltr'><strong>clarum,</strong></span> <span class='ocrx_word' id='word_1_117' title='bbox 1681 2065 2282 2129; x_wconf 73' lang='lat' dir='ltr'><strong>honestissimis-mori·</strong></span> 
     </span>
     <span class='ocr_line' id='line_1_17' title="bbox 499 2170 2281 2272; baseline -0.001 -20"><span class='ocrx_word' id='word_1_118' title='bbox 499 2170 610 2252; x_wconf 83' lang='lat' dir='ltr'><strong>bus</strong></span> <span class='ocrx_word' id='word_1_119' title='bbox 635 2190 951 2253; x_wconf 83' lang='lat' dir='ltr'><strong>excultum</strong></span> <span class='ocrx_word' id='word_1_120' title='bbox 968 2187 1275 2270; x_wconf 80' lang='lat' dir='ltr'><strong>,singulari</strong></span> <span class='ocrx_word' id='word_1_121' title='bbox 1303 2189 1641 2272; x_wconf 82' lang='lat' dir='ltr'><strong>eloquentia</strong></span> <span class='ocrx_word' id='word_1_122' title='bbox 1663 2209 1970 2255; x_wconf 87' lang='lat' dir='ltr'><strong>ornatum.</strong></span> <span class='ocrx_word' id='word_1_123' title='bbox 2019 2190 2152 2252; x_wconf 87' lang='lat' dir='ltr'><strong>Cur</strong></span> <span class='ocrx_word' id='word_1_124' title='bbox 2178 2212 2281 2252; x_wconf 79' lang='lat' dir='ltr'><strong>au·-</strong></span> 
     </span>
    </p>
   </div>
   <div class='ocr_carea' id='block_1_5' title="bbox 503 2312 2283 2396">
    <p class='ocr_par' dir='ltr' id='par_1_6' title="bbox 503 2312 2283 2396">
     <span class='ocr_line' id='line_1_18' title="bbox 503 2312 2283 2396; baseline -0.001 -18"><span class='ocrx_word' id='word_1_125' title='bbox 503 2331 627 2378; x_wconf 87' lang='lat' dir='ltr'><strong>tem</strong></span> <span class='ocrx_word' id='word_1_126' title='bbox 658 2312 774 2375; x_wconf 89' lang='lat' dir='ltr'><strong>hoc</strong></span> <span class='ocrx_word' id='word_1_127' title='bbox 817 2313 1014 2396; x_wconf 89' lang='lat' dir='ltr'><strong>ipsum</strong></span> <span class='ocrx_word' id='word_1_128' title='bbox 1061 2313 1462 2375; x_wconf 83' lang='lat' dir='ltr'><strong>Simulacrum</strong></span> <span class='ocrx_word' id='word_1_129' title='bbox 1496 2317 1666 2378; x_wconf 87' lang='lat' dir='ltr'><strong>nobis</strong></span> <span class='ocrx_word' id='word_1_130' title='bbox 1712 2317 1911 2379; x_wconf 87' lang='lat' dir='ltr'><strong>dicere</strong></span> <span class='ocrx_word' id='word_1_131' title='bbox 1945 2336 2068 2378; x_wconf 90' lang='lat' dir='ltr'><strong>non</strong></span> <span class='ocrx_word' id='word_1_132' title='bbox 2109 2317 2283 2377; x_wconf 87' lang='lat' dir='ltr'><strong>liceat</strong></span> 
     </span>
    </p>
   </div>
   <div class='ocr_carea' id='block_1_6' title="bbox 264 2437 2290 3023">
    <p class='ocr_par' dir='ltr' id='par_1_7' title="bbox 264 2437 2286 2774">
     <span class='ocr_line' id='line_1_19' title="bbox 264 2437 2283 2553; baseline 0.002 -54"><span class='ocrx_word' id='word_1_133' title='bbox 264 2460 444 2553; x_wconf 48' lang='lat' dir='ltr'><strong>{stssaffi</strong></span> <span class='ocrx_word' id='word_1_134' title='bbox 505 2437 751 2523; x_wconf 85' lang='lat' dir='ltr'><strong>Apibus</strong></span> <span class='ocrx_word' id='word_1_135' title='bbox 781 2439 1079 2520; x_wconf 87' lang='lat' dir='ltr'><strong>repletum</strong></span> <span class='ocrx_word' id='word_1_136' title='bbox 1102 2481 1116 2504; x_wconf 90' lang='lat'>,</span> <span class='ocrx_word' id='word_1_137' title='bbox 1143 2455 1212 2500; x_wconf 88' lang='lat' dir='ltr'><strong>vt</strong></span> <span class='ocrx_word' id='word_1_138' title='bbox 1249 2459 1354 2521; x_wconf 87' lang='lat' dir='ltr'><strong>per</strong></span> <span class='ocrx_word' id='word_1_139' title='bbox 1376 2438 1676 2504; x_wconf 79' lang='lat' dir='ltr'><strong>Etruriam</strong></span> <span class='ocrx_word' id='word_1_140' title='bbox 1705 2442 1848 2503; x_wconf 90' lang='lat' dir='ltr'><strong>olim</strong></span> <span class='ocrx_word' id='word_1_141' title='bbox 1874 2438 2248 2505; x_wconf 65' lang='lat' dir='ltr'><strong>vniuerlam.»</strong></span> <span class='ocrx_word' id='word_1_142' title='bbox 2267 2479 2283 2509; x_wconf 81' lang='lat'>,</span> 
     </span>
     <span class='ocr_line' id='line_1_20' title="bbox 386 2537 2283 2646; baseline -0.001 -18"><span class='ocrx_word' id='word_1_143' title='bbox 386 2537 395 2549; x_wconf 35' lang='grc' dir='ltr'>ι</span> <span class='ocrx_word' id='word_1_144' title='bbox 506 2563 614 2629; x_wconf 87' lang='lat' dir='ltr'><strong>sub</strong></span> <span class='ocrx_word' id='word_1_145' title='bbox 641 2561 822 2646; x_wconf 85' lang='lat' dir='ltr'><strong>ipfius</strong></span> <span class='ocrx_word' id='word_1_146' title='bbox 865 2561 1247 2645; x_wconf 80' lang='lat' dir='ltr'><strong>principatus</strong></span> <span class='ocrx_word' id='word_1_147' title='bbox 1285 2565 1528 2626; x_wconf 88' lang='lat' dir='ltr'><strong>initium</strong></span> <span class='ocrx_word' id='word_1_148' title='bbox 1555 2612 1569 2635; x_wconf 95' lang='lat'>,</span> <span class='ocrx_word' id='word_1_149' title='bbox 1624 2582 1846 2628; x_wconf 80' lang='lat' dir='ltr'><strong>caeterae</strong></span> <span class='ocrx_word' id='word_1_150' title='bbox 1895 2568 2025 2626; x_wconf 88' lang='lat' dir='ltr'><strong>eius</strong></span> <span class='ocrx_word' id='word_1_151' title='bbox 2064 2563 2283 2626; x_wconf 85' lang='lat' dir='ltr'><strong>Statuae</strong></span> 
     </span>
     <span class='ocr_line' id='line_1_21' title="bbox 509 2685 2286 2774; baseline -0.001 -22"><span class='ocrx_word' id='word_1_152' title='bbox 509 2687 649 2753; x_wconf 84' lang='lat' dir='ltr'><strong>visae</strong></span> <span class='ocrx_word' id='word_1_153' title='bbox 678 2687 843 2748; x_wconf 85' lang='lat' dir='ltr'><strong>fuere</strong></span> <span class='ocrx_word' id='word_1_154' title='bbox 873 2690 898 2746; x_wconf 88' lang='lat'>?</span> <span class='ocrx_word' id='word_1_155' title='bbox 931 2685 1016 2748; x_wconf 87' lang='lat' dir='ltr'><strong>est</strong></span> <span class='ocrx_word' id='word_1_156' title='bbox 1059 2686 1182 2769; x_wconf 83' lang='lat' dir='ltr'><strong>ipsa</strong></span> <span class='ocrx_word' id='word_1_157' title='bbox 1212 2689 1430 2774; x_wconf 89' lang='lat' dir='ltr'><strong>Apum</strong></span> <span class='ocrx_word' id='word_1_158' title='bbox 1459 2689 1662 2753; x_wconf 87' lang='lat' dir='ltr'><strong>Domo</strong></span> <span class='ocrx_word' id='word_1_159' title='bbox 1691 2705 2040 2752; x_wconf 88' lang='lat' dir='ltr'><strong>contentum</strong></span> <span class='ocrx_word' id='word_1_160' title='bbox 2067 2731 2081 2755; x_wconf 92' lang='lat'><strong>,</strong></span> <span class='ocrx_word' id='word_1_161' title='bbox 2120 2708 2286 2750; x_wconf 67' lang='lat' dir='ltr'><strong>non-2</strong></span> 
     </span>
    </p>

    <p class='ocr_par' dir='ltr' id='par_1_8' title="bbox 512 2809 2290 3023">
     <span class='ocr_line' id='line_1_22' title="bbox 512 2809 2288 2896; baseline -0.001 -23"><span class='ocrx_word' id='word_1_162' title='bbox 512 2814 576 2874; x_wconf 89' lang='lat' dir='ltr'><strong>in</strong></span> <span class='ocrx_word' id='word_1_163' title='bbox 612 2811 952 2895; x_wconf 88' lang='lat' dir='ltr'><strong>auspicium</strong></span> <span class='ocrx_word' id='word_1_164' title='bbox 989 2811 1065 2873; x_wconf 91' lang='lat' dir='ltr'><strong>ab</strong></span> <span class='ocrx_word' id='word_1_165' title='bbox 1099 2812 1419 2876; x_wconf 89' lang='lat' dir='ltr'><strong>Antonino</strong></span> <span class='ocrx_word' id='word_1_166' title='bbox 1451 2815 1626 2884; x_wconf 87' lang='lat' dir='ltr'><strong>initi,</strong></span> <span class='ocrx_word' id='word_1_167' title='bbox 1666 2812 1765 2877; x_wconf 69' lang='lat' dir='ltr'><strong>led</strong></span> <span class='ocrx_word' id='word_1_168' title='bbox 1805 2816 1870 2874; x_wconf 88' lang='lat' dir='ltr'><strong>in</strong></span> <span class='ocrx_word' id='word_1_169' title='bbox 1896 2809 2173 2896; x_wconf 88' lang='lat' dir='ltr'><strong>plausum</strong></span> <span class='ocrx_word' id='word_1_170' title='bbox 2213 2809 2288 2873; x_wconf 89' lang='lat' dir='ltr'><strong>ab</strong></span> 
     </span>
     <span class='ocr_line' id='line_1_23' title="bbox 512 2932 2290 3023; baseline -0.001 -27"><span class='ocrx_word' id='word_1_171' title='bbox 512 2932 724 2996; x_wconf 87' lang='lat' dir='ltr'><strong>eodem</strong></span> <span class='ocrx_word' id='word_1_172' title='bbox 747 2937 968 3017; x_wconf 79' lang='lat' dir='ltr'><strong>expleti</strong></span> <span class='ocrx_word' id='word_1_173' title='bbox 999 2959 1144 2999; x_wconf 91' lang='lat' dir='ltr'><strong>cum</strong></span> <span class='ocrx_word' id='word_1_174' title='bbox 1169 2941 1402 3001; x_wconf 85' lang='lat' dir='ltr'><strong>virtute</strong></span> <span class='ocrx_word' id='word_1_175' title='bbox 1431 2939 1698 3023; x_wconf 81' lang='lat' dir='ltr'><strong>Imperij3</strong></span> <span class='ocrx_word' id='word_1_176' title='bbox 1727 2936 1835 3002; x_wconf 86' lang='lat' dir='ltr'><strong>vbi</strong></span> <span class='ocrx_word' id='word_1_177' title='bbox 1871 2936 2037 3017; x_wconf 87' lang='lat' dir='ltr'><strong>Apes</strong></span> <span class='ocrx_word' id='word_1_178' title='bbox 2063 2957 2187 2997; x_wconf 90' lang='lat' dir='ltr'><strong>non.</strong></span> <span class='ocrx_word' id='word_1_179' title='bbox 2208 2933 2290 2994; x_wconf 78' lang='lat' dir='ltr'><strong>so-</strong></span> 
     </span>
    </p>
   </div>
   <div class='ocr_carea' id='block_1_7' title="bbox 511 3056 2290 3247">
    <p class='ocr_par' dir='ltr' id='par_1_9' title="bbox 511 3056 2290 3247">
     <span class='ocr_line' id='line_1_24' title="bbox 511 3056 2290 3149; baseline -0.002 -27"><span class='ocrx_word' id='word_1_180' title='bbox 511 3058 641 3122; x_wconf 77' lang='lat' dir='ltr'><strong>lum</strong></span> <span class='ocrx_word' id='word_1_181' title='bbox 667 3056 958 3122; x_wconf 84' lang='lat' dir='ltr'><strong>felicitatis</strong></span> <span class='ocrx_word' id='word_1_182' title='bbox 989 3083 1167 3125; x_wconf 89' lang='lat' dir='ltr'><strong>omen</strong></span> <span class='ocrx_word' id='word_1_183' title='bbox 1199 3060 1458 3135; x_wconf 88' lang='lat' dir='ltr'><strong>susurro,</strong></span> <span class='ocrx_word' id='word_1_184' title='bbox 1485 3061 1582 3127; x_wconf 66' lang='lat' dir='ltr'><strong>fied</strong></span> <span class='ocrx_word' id='word_1_185' title='bbox 1606 3062 1791 3149; x_wconf 88' lang='lat' dir='ltr'><strong>ipsam</strong></span> <span class='ocrx_word' id='word_1_186' title='bbox 1817 3061 2016 3128; x_wconf 88' lang='lat' dir='ltr'><strong>melle,</strong></span> <span class='ocrx_word' id='word_1_187' title='bbox 2046 3058 2290 3121; x_wconf 68' lang='lat' dir='ltr'><strong>felicita-</strong></span> 
     </span>
     <span class='ocr_line' id='line_1_25' title="bbox 515 3183 881 3247; baseline -0.011 0"><span class='ocrx_word' id='word_1_188' title='bbox 515 3203 632 3247; x_wconf 87' lang='lat' dir='ltr'><strong>tem</strong></span> <span class='ocrx_word' id='word_1_189' title='bbox 658 3183 881 3245; x_wconf 80' lang='lat' dir='ltr'><strong>serunt.</strong></span> 
     </span>
    </p>
   </div>
   <div class='ocr_carea' id='block_1_8' title="bbox 2041 3307 2210 3368">
    <p class='ocr_par' dir='ltr' id='par_1_10' title="bbox 2041 3307 2210 3368">
     <span class='ocr_line' id='line_1_26' title="bbox 2041 3307 2210 3368; baseline 0 0"><span class='ocrx_word' id='word_1_190' title='bbox 2041 3307 2099 3368; x_wconf 86' lang='lat' dir='ltr'>C</span> <span class='ocrx_word' id='word_1_191' title='bbox 2106 3327 2210 3368; x_wconf 90' lang='lat' dir='ltr'><strong>on-</strong></span> 
     </span>
    </p>
   </div>
  </div>
 </body>
</html>
