2492 3741
194 335 381 402 ceptae
416 319 656 403 Virgini
680 363 694 391 ,
719 328 781 384 &
808 323 1023 389 Sancio
1054 325 1337 408 Philippo
1374 324 1568 387 Nerio
1596 234 1846 393 Periigg
1865 352 1964 391 ex—
2030 285 2035 287 >

192 445 398 512 citato,
430 445 671 527 publice
693 450 1014 529 expositam
1041 449 1408 511 admirantur
1435 470 1662 508 omnes,
1680 449 1842 512 Illud
1857 475 1960 516 ve-

192 566 259 627 ro
288 589 483 631 vnum
511 569 823 632 posteritas
852 571 1254 636 admirabitur
1273 616 1286 638 ‚
1320 568 1526 630 Rheni
1549 572 1811 635 Tabulas
1836 592 1961 637 tan-

189 708 250 753 to
285 696 472 774 pretio
497 695 532 753 a
560 693 730 755 nobis
756 692 924 759 fuiffe
954 695 1317 776 redemptas:
1343 694 1519 754 aliam
1544 695 1761 759 scilicet
1792 701 1960 761 viam

185 814 477 898 aggi-effus
519 815 602 879 est
648 818 907 883 Rhenus
944 864 958 888 ,
999 838 1183 901 quam
1227 819 1372 880 olim
1408 817 1788 884 Atheniensis
1819 823 1956 887 ille)

180 941 938 1025 Apollodorus‚qui,cum
968 941 1230 1004 maxime
1258 942 1383 1004 suas
1405 941 1668 1004 Piciuras
1697 948 1955 1026 pecunia
1989 966 2158 1052 Pi'i'jfh·

179 1067 303 1128 vlla
326 1072 683 1130 commutari
712 1089 831 1129 non
856 1067 1016 1152 poffe
1044 1068 1412 1135 existimaret,
1428 1067 1660 1129 easdem
1674 1066 1837 1129 dono
1853 1068 1954 1132 da·-
1989 1027 2046 1063 3).
2085 1027 2160 1066 W

176 1210 241 1250 re
270 1189 623 1259 consueuit5
654 1210 833 1273 atque
875 1213 948 1252 eo
988 1196 1232 1255 nomine
1271 1195 1684 1276 Agrigentinis
1710 1194 1952 1256 Alcme-

175 1334 311 1374 nam
330 1359 343 1382 ,
372 1311 534 1373 Pana
563 1312 868 1375 Archelao
891 1316 1136 1399 largitus
1164 1316 1272 1381 est.

264 1436 460 1498 Nunc
491 1435 739 1500 demum
771 1437 933 1501 binas
957 1440 1192 1523 Sacchij
1223 1441 1488 1504 Tabulas
1525 1440 1907 1521 inspiciamus
1934 1465 1948 1500 ε

172 1579 430 1645 quarum
447 1560 628 1624 altera
644 1561 921 1627 Seculare
947 1564 1114 1626 nobis
1130 1565 1369 1625 Festum
1398 1556 1768 1641 representat,
1783 1562 1953 1643 quod

168 1685 457 1767 superiori
501 1706 660 1747 anno
692 1687 726 1746 a
764 1686 1032 1747 Loiolaea
1072 1685 1230 1746 sacra
1272 1683 1526 1745 Familia
1550 1729 1563 1751 ,
1602 1682 1945 1752 adnitente)

164 1808 464 1891 Principis
484 1809 663 1869 nostri
691 1807 1044 1870 liberalitate
1069 1852 1082 1873 ,
1116 1811 1284 1865 omni
1308 1823 1603 1886 apparatu
1632 1848 1646 1874 ‚
1672 1817 1945 1891 ornatutss.

161 1931 526 1996 celebratum
554 1931 711 1991 fuit:
751 1928 848 1991 hic
879 1930 1026 1992 vero
1063 1924 1547 1990 absolutissimam
1590 1929 1829 2011 Opticae
1858 1931 1948 1994 di-

160 2056 418 2138 sciplinae
448 2061 722 2136 peritiam
749 2055 980 2122 videas,
998 2074 1121 2138 qua
1140 2051 1428 2114 Sacchius
1455 2074 1543 2113 res
1561 2051 1750 2136 prope
1767 2059 1944 2118 innu-

159 2200 377 2245 meras,
397 2182 743 2262 atqueimer
770 2178 823 2240 fi:
848 2177 1018 2261 longe
1030 2176 1302 2241 discretas
1322 2173 1429 2236 sub
1455 2176 1659 2237 oculos
1686 2198 1937 2260 ponem,

158 2309 456 2367 intuentes
487 2303 788 2386 ingeniose
830 2304 1054 2387 decipit
1083 2349 1095 2361 .
1140 2301 1228 2361 At
1248 2317 1479 2382 quanto
1503 2300 1601 2360 ille
1639 2301 1896 2374 artificio
1918 2351 1934 2375 ,

160 2432 472 2496 orizontis‚
503 2444 572 2491 vt
602 2443 824 2492 vocant
852 2473 866 2497 ,
901 2428 1113 2489 lineam
1142 2422 1458 2486 constituit
1481 2467 1495 2492 ,
1522 2421 1599 2484 ad
1626 2442 1808 2506 quam
1833 2450 1938 2491 cae-

159 2570 294 2617 terae
325 2554 457 2615 sane
487 2573 689 2614 omnes
715 2553 825 2615 sest
849 2550 1253 2615 conuertunt!-
1294 2547 1451 2611 hanc
1480 2546 1773 2628 liquidem
1799 2573 1936 2615 con-

159 2678 314 2740 sulto
345 2677 422 2741 ad
450 2694 776 2739 extremam
817 2676 1113 2761 quantum
1143 2675 1344 2758 potuit
1378 2671 1632 2735 Tabulae
1660 2692 1932 2753 partem,

157 2802 358 2887 posuit
395 2847 410 2872 ,
443 2801 569 2885 quo
616 2802 949 2884 elegantius
992 2818 1114 2863 tota
1163 2797 1410 2880 Templi
1449 2795 1746 2859 strufflura
1792 2822 1932 2862 con-

156 2931 506 3012 spiceretur.
535 2930 840 3009 Qantam
863 2930 1041 2989 etiam
1073 2921 1425 2985 industriam
1458 2918 1751 2990 adhibuit,
1776 2921 1930 2986 dum

158 3051 391 3114 lumina
432 3072 506 3112 ex
537 3051 762 3114 vmbris
803 3049 1058 3112 extrahit
1087 3093 1102 3117 ,
1129 3046 1490 3129 vmbrasque
1526 3044 1674 3125 ipsas
1700 3064 1932 3107 contra-

158 3173 250 3238 hit
273 3199 288 3244 3
312 3175 462 3238 dum
492 3176 672 3237 lineas
698 3194 901 3235 omnes
918 3216 932 3241 -‚
957 3170 1208 3239 vmbrae‚
1228 3177 1290 3233 &
1319 3169 1535 3231 lumini
1557 3166 1930 3234 admodum

1217 3292 1283 3356 X
1369 3315 1406 3353 z
1660 3289 1848 3354 cohae-
