2492 3741
643 230 667 279 1
689 228 767 275 10

519 312 779 376 Pidores
809 311 1162 375 celebriores
1188 307 1488 370 incolunt:
1510 304 1657 390 saepe
1674 320 1870 367 tamen
1887 308 2077 383 vterq3
2097 315 2285 363 coetus

521 437 627 500 fibi
645 438 908 499 inuicem
924 438 1075 504 artis,
1092 442 1206 517 atq,
1231 433 1446 516 ingenij
1478 432 2095 514 impertiunturopeS.
2128 422 2289 506 Ipsos

525 576 730 624 autem
757 557 1034 642 Hospites
1050 557 1247 641 potius
1270 555 1520 618 inuifiere
1537 600 1550 622 ,
1575 554 1785 637 quam,
1806 551 1974 635 quoti
1990 548 2288 609 Meuanas

528 684 730 747 Pictor
772 683 1103 765 exprimere
1144 681 1406 745 voluerit
1431 723 1445 747 ,
1498 676 1908 759 indagandum
1955 674 2242 735 duximus
2268 718 2280 732 .

528 806 748 886 Ecquis
791 808 951 865 enim
989 805 1267 866 Montem
1292 803 1545 865 molliter
1575 800 1775 883 primo
1812 799 2243 880 assurgentem,
2276 836 2291 862 7

526 927 762 1011 duplici
789 925 1007 988 deinde
1033 925 1226 988 fronte
1263 927 1488 988 elatum
1525 970 1539 993 ,
1582 923 1873 986 Thitorea
1903 968 1916 992 ‚
1960 928 2021 984 &
2058 920 2297 1004 Hyam-

528 1054 663 1135 peia
689 1095 703 1119 ‚
724 1049 1013 1133 lauroque
1039 1047 1385 1112 redimitum
1421 1049 1695 1132 inspiciat
1717 1093 1730 1117 ‚
1761 1054 1821 1111 ὃς
1850 1045 2140 1110 celebrem
2163 1042 2301 1106 Par-

529 1172 760 1235 nassum
786 1193 907 1233 non
930 1171 1202 1254 agnoscat
1218 1179 1243 1235 ?
1258 1174 1475 1256 Ecquis
1491 1173 1784 1234 iuuenem
1803 1170 2299 1255 pulcherrimum,

529 1295 739 1358 eadem
759 1295 931 1357 lauro
953 1314 1323 1363 coronatum,
1338 1296 1751 1377 plectrumque
1768 1294 2032 1358 suauiter
2054 1291 2303 1356 tractan—

531 1435 651 1481 tem
674 1463 689 1486 ,
724 1418 935 1482 videat
962 1464 977 1489 ,
1017 1419 1096 1482 ad
1126 1412 1324 1504 ipsum
1360 1419 1590 1480 Montis
1622 1419 1915 1482 verticem
1939 1462 1955 1486 ,
1995 1423 2058 1479 in
2090 1414 2305 1489 theatri

535 1543 788 1607 formam
829 1542 1044 1603 decore
1068 1547 1482 1626 aspeclabilem
1516 1591 1530 1614 ,
1568 1543 1833 1608 excisum
1858 1592 1872 1615 ‚
1908 1562 2086 1629 atque
2115 1540 2304 1625 Apol-

539 1666 719 1728 linem
750 1662 859 1723 effe
888 1685 1006 1726 non
1039 1666 1327 1748 intelligat
1356 1672 1381 1726 ?
1410 1669 1630 1750 Ecquis
1658 1713 1671 1736 ,
1699 1671 1976 1751 praeterea
2001 1711 2015 1738 ,
2047 1684 2307 1751 quatuor

538 1789 825 1869 Virgines
847 1789 998 1855 illas,
1025 1787 1222 1849 eidem
1248 1788 1557 1853 assidentes
1574 1836 1587 1859 ‚
1604 1791 1869 1853 eiusdem
1892 1793 2192 1875 Apollinis
2207 1789 2309 1850 So-

535 1931 692 1974 rores
718 1929 838 1969 non
866 1908 1165 1991 agnoscat,
1191 1928 1268 1970 ex
1292 1910 1470 1980 Ioue,
1500 1933 1569 1973 ac
1597 1913 1993 1997 Mnemosyne
2012 1960 2027 1984 ,
2061 1913 2178 1976 hoc
2196 1914 2304 1983 est,

535 2055 611 2096 ex
637 2013 938 2096 intellectu
963 2077 977 2100 ,
1004 2039 1068 2095 ὅ(
1095 2037 1385 2095 memoria
1412 2054 1724 2118 prognatas
1752 2083 1766 2106 ‚
1802 2038 2306 2120 Melpomenem,

536 2156 860 2237 Calliopen
887 2200 901 2223 ,
932 2155 1076 2217 Clio
1099 2203 1114 2224 ‚
1147 2157 1504 2239 Euterpen?
1537 2164 1693 2242 Quae
1715 2160 1863 2224 vero
1897 2177 2008 2224 tres
2031 2203 2046 2231 ,
2075 2162 2310 2224 innata..

536 2277 799 2361 quadam
832 2277 1099 2341 libertate
1138 2280 1469 2344 licentiores
1494 2328 1508 2350 ,
1548 2285 1849 2368 Apollinis
1887 2303 2089 2367 autem
2127 2282 2310 2345 nostri

538 2399 778 2465 decreto
804 2401 1187 2465 modestiores
1217 2449 1230 2472 ,
1259 2405 1431 2467 illum
1466 2410 1848 2472 circumstant
1871 2454 1885 2477 ‚
1912 2415 2114 2490 ecquis
2142 2405 2306 2470 Tha-

539 2530 678 2590 liam
706 2571 719 2597 ‚
748 2529 929 2591 Erato
955 2573 970 2597 ‚
987 2530 1424 2613 Terpsichoren
1448 2533 1558 2596 esse
1586 2536 1886 2599 inficietur
1908 2581 1921 2604 ,
1947 2532 2207 2598 secundo
2233 2553 2310 2595 ex

542 2653 695 2715 Ioue
724 2698 739 2721 ,
764 2658 827 2715 δι
859 2653 1130 2736 Antiope
1156 2699 1170 2722 ‚
1196 2661 1617 2720 exercitatione
1651 2662 1896 2729 scilicet,
1927 2677 2104 2741 atque
2127 2680 2311 2720 aemu-

545 2775 761 2837 latione
782 2792 943 2838 natas
969 2781 995 2837 ?
1030 2776 1235 2860 Neget
1257 2801 1329 2840 ne
1355 2780 1646 2864 quispiam
1673 2789 1969 2868 proximas
1991 2783 2139 2843 duas
2167 2782 2309 2843 Vir-

539 2899 706 2977 gines
742 2897 1039 2960 Vraniarn
1076 2899 1187 2965 effe
1213 2947 1226 2970 ‚
1271 2909 1334 2965 &
1359 2903 1831 2989 Polyhymniam
1860 2952 1874 2977 ,
1907 2905 2081 2969 tertio
2113 2926 2189 2967 ex
2218 2906 2308 2968 Io-

546 3037 652 3087 ue,
683 3025 743 3082 &
768 3020 1053 3104 Thespia,
1083 3021 1199 3086 hoc
1226 3024 1334 3095 est,
1358 3027 1753 3093 Diuinatione
1772 3031 2098 3115 progenitas
2115 3031 2310 3106 PQuis

543 3158 743 3206 autem
782 3142 1100 3209 hominum
1129 3146 1564 3215 christallinum
1601 3154 1851 3218 Fontem
1879 3158 2115 3216 intuens
2139 3197 2154 3221 ,
2192 3160 2310 3223 Ca-

2002 3279 2193 3348 stalias
2208 3330 2223 3354 ‚
