2492 3741
619 252 718 329 86

494 359 794 443 tagraphis
816 354 1053 439 depicta
1075 395 1090 420 ‚
1117 371 1329 434 nempe
1345 347 1602 431 obliquis
1632 389 1646 415 ,
1674 351 1738 410 δε
1769 343 1936 410 varie
1959 343 2274 408 efformatis

496 484 794 554 vultibus,
812 500 979 566 quos,
994 473 1327 539 admirabili
1352 472 1618 557 quadam
1646 468 1986 533 diuerfitate
2000 511 2014 540 ,
2026 475 2088 532 ὃς
2119 473 2280 532 inor-

499 611 711 674 dinato
740 604 1008 691 quodam
1038 599 1275 667 ordine,
1301 596 1509 661 videas
1533 598 1928 680 respicientes,
1960 590 2276 675 suspicien-

501 754 584 800 tes
612 782 625 803 ‚
651 730 1035 814 despicientes
1070 774 1083 786 .
1131 725 1270 787 Hac
1301 722 1488 807 porro
1530 741 1718 784 aurea
1756 740 1910 782 zona
1939 765 1951 787 ‚
1983 715 2277 781 sublime)

505 856 788 921 Auctoris
819 852 1135 929 ingenium
1159 868 1232 907 eo
1266 846 1524 909 artificio
1550 843 1708 909 Caeli
1731 842 1949 906 molem
1982 841 2240 903 includit
2262 883 2276 908 ,

501 997 573 1046 vt
597 978 710 1042 suis
731 972 992 1037 motibus
1017 970 1219 1039 volui,
1236 988 1418 1053 atque
1444 971 1681 1034 reuolui
1709 967 2104 1053 speclantium
2135 985 2280 1027 ocu-

502 1107 571 1168 lis
599 1101 878 1168 videatur
902 1145 913 1156 .
958 1092 1246 1156 Medium
1276 1093 1429 1157 Caeli
1450 1094 1706 1180 spatium
1725 1136 1738 1163 ‚
1774 1092 1977 1175 Regio
2002 1091 2065 1152 in
2094 1089 2235 1151 solio
2261 1134 2273 1155 ,

502 1226 607 1290 seu
629 1223 826 1308 potius
855 1223 918 1283 in
947 1218 1181 1280 Curuli
1207 1219 1588 1288 aurea,sedet
1614 1220 1815 1301 Virgo
1844 1214 2281 1300 pulcherrima,

503 1345 756 1437 pretioso
782 1342 1119 1408 diademate
1150 1357 1436 1402 coronata
1462 1386 1477 1408 ‚
1509 1342 1757 1420 glastina
1782 1339 1972 1409 veste,
2001 1347 2063 1403 &
2091 1337 2284 1401 nitido

507 1473 649 1537 velo
668 1469 910 1533 amicita-3
934 1471 995 1527 in
1023 1466 1210 1529 huius
1233 1463 1367 1526 finu
1395 1463 1499 1526 Sol
1525 1466 1759 1531 emicat,
1780 1468 1842 1525 &
1866 1461 2180 1546 purissimae
2197 1463 2287 1524 lu-

509 1598 592 1658 cis
635 1589 828 1654 radios
870 1585 1306 1668 vndecumque
1336 1586 1626 1649 diffundit
1663 1611 1676 1646 ε
1714 1586 1939 1650 finistra
1969 1586 2288 1672 speculum

509 1716 962 1779 adamantinum
979 1755 992 1779 ,
1015 1708 1259 1773 dextera
1292 1709 1595 1772 oculatam
1630 1709 1873 1772 sustinet
1897 1716 2164 1796 virgam3
2190 1727 2289 1779 vt,

513 1842 710 1926 primo
734 1835 859 1922 ipso
883 1834 1124 1917 aspectu
1143 1876 1156 1900 ,
1186 1832 1487 1894 Diuinam
1522 1834 1676 1898 hanc
1712 1834 1824 1897 effe
1855 1835 2289 1919 Sapientiam-⁹,

512 1965 881 2027 intuentium
905 1957 1161 2042 quisque
1188 1955 1479 2038 intelligat
1500 2004 1512 2017 .
1560 1959 1712 2020 Eam
1748 1959 1970 2023 Puellae
2000 1961 2290 2024 vndecim

512 2084 929 2170 circumstant,
955 2080 1222 2145 eiusdem
1258 2098 1440 2162 atque
1470 2080 1591 2164 ipsa
1621 2086 1840 2167 pariter
1862 2087 2047 2147 aetatis
2071 2129 2086 2153 ‚
2106 2090 2168 2146 &
2196 2104 2292 2145 or-

513 2212 669 2275 dinis
702 2235 718 2280 3
755 2232 891 2296 quae
926 2206 1180 2294 quidem
1207 2249 1223 2274 ,
1268 2204 1436 2288 quafi
1482 2205 1844 2272 lucidissima
1886 2207 2087 2271 sereno
2121 2208 2292 2271 Caelo

518 2335 728 2399 Sidera
763 2381 778 2405 ‚
818 2335 1151 2400 collucent,
1189 2345 1374 2412 atque
1414 2335 1604 2396 omnis
1639 2333 1813 2417 plane
1846 2332 2091 2395 luminis
2130 2330 2289 2395 defe-

520 2460 653 2524 ffiius
678 2459 885 2524 nesciae
908 2501 923 2529 ‚
953 2457 1138 2521 nonu
1162 2469 1333 2526 iuxta
1359 2503 1373 2530 ‚
1399 2476 1577 2542 atque
1609 2458 1876 2522 interdiu
1892 2505 1906 2528 ,

686 2580 842 2639 Clara
861 2585 1119 2662 repercbffz
1145 2584 1459 2657 redduntfita
1480 2582 1670 2637 lumina
1697 2582 1874 2640 Phoebo
1893 2626 1905 2639 .

518 2707 627 2773 Ad
653 2708 965 2794 Sapientiae
992 2709 1171 2792 pedes
1195 2710 1354 2774 sedet
1375 2709 1599 2792 Virgo,
1616 2712 1862 2795 pallenti
1887 2711 2093 2781 vultu,
2108 2726 2288 2792 atque

519 2830 598 2893 ad
621 2832 968 2896 modestiam
997 2877 1010 2902 ‚
1047 2832 1575 2918 humilitatemque
1609 2836 1979 2921 composito3
2018 2834 2291 2910 ianthina

523 2973 740 3038 corpus
774 2957 997 3042 obtegit
1034 2959 1241 3021 tunica
1266 3006 1280 3030 ‚
1324 2962 1468 3024 velo
1504 2979 1691 3044 caput
1732 2959 2032 3030 ohnubit3
2072 2961 2291 3025 altera-2

521 3099 705 3141 manu
733 3079 996 3144 Crucem
1023 3081 1266 3148 sustinet
1291 3129 1305 3157 ,
1333 3087 1512 3149 altera
1538 3086 1728 3148 Aram
1755 3102 1938 3152 tenet,
1973 3089 2037 3148 &
2065 3083 2290 3147 Sancti-

521 3216 730 3273 tatem,
750 3221 1068 3290 ore,atque
1089 3206 1299 3274 habitu
1321 3214 1585 3295 corporis
1611 3209 1847 3296 praefert
1871 3255 1884 3269 .
1909 3207 2061 3272 Haec
2087 3226 2292 3273 autem

1979 3337 2043 3399 in
2068 3354 2208 3421 pro-
