2492 3741
639 203 786 295 148

515 312 861 397 insignitum
885 309 1313 378 honore3cuius
1339 302 1582 372 indoles,
1602 305 1663 364 &
1694 303 2005 383 ingenium
2031 318 2172 362 cum
2197 316 2284 355 re-

517 437 610 501 &a
633 435 988 499 educatione
1015 434 1410 499 consentiunt.
1433 429 1713 490 Tertium
1740 423 1924 492 addo,
1951 420 2288 487 Cubicula-

520 563 749 631 riorum
780 559 1198 626 Decurionem,
1219 556 1501 644 Equitem
1530 551 1759 613 lulium
1789 547 2077 610 Caesarern
2117 546 2287 606 Pani-

522 704 693 753 cum,
721 685 829 766 qui
852 681 1076 744 summa
1107 702 1250 743 cum
1280 676 1596 762 prudentia
1620 719 1633 744 ‚
1662 679 1725 735 ὃς
1750 672 1931 733 laude
1958 716 1971 740 ,
2000 672 2287 733 adeuntes

521 804 878 886 Principem,
894 805 995 866 vel
1021 802 1456 870 beneuolentia,
1470 799 1569 864 Vel
1589 797 1979 863 humanitate,
1992 795 2093 860 vel
2107 794 2287 856 vltro-

520 949 630 993 nea
659 928 1110 1010 compellatione
1133 970 1148 994 ‚
1173 927 1442 1007 vultusq,
1465 914 1765 989 serenitate
1788 968 1801 991 ,
1828 924 2051 1004 excipit
2089 935 2289 1000 gratus

521 1074 724 1115 omnes
741 1076 754 1120 3
773 1058 834 1115 &
857 1097 872 1120 ‚
891 1050 934 1111 fi
960 1050 1166 1132 aliquo
1198 1053 1369 1132 graui
1403 1048 1750 1132 interposito
1779 1046 2043 1129 negotio,
2065 1043 2290 1104 Princi-

522 1179 613 1259 pis
639 1174 938 1257 praesentia
956 1172 1282 1257 denegetur
1307 1172 1612 1236 interdum
1629 1195 1777 1240 ,non
1804 1172 2033 1232 excutit
2060 1169 2153 1229 ille
2180 1166 2215 1227 a
2236 1161 2292 1232 se

479 1300 481 1302 ’
519 1296 671 1361 adeo
695 1296 964 1381 culpam,
989 1297 1425 1378 vtPrincipem
1443 1309 1653 1357 oneret
1677 1317 1691 1362 3
1719 1310 1850 1354 tum
1877 1290 2130 1379 benigne
2157 1290 2294 1350 alias

522 1442 764 1502 operam
797 1421 965 1485 suam
1017 1458 1038 1490 ‚-
1084 1426 1147 1489 &
1183 1415 1649 1486 interceffionem
1693 1414 2130 1499 postulantibus
2173 1434 2299 1478 mo,-

524 1539 684 1604 deste
713 1540 1019 1607 exhibens,
1039 1564 1148 1608 nec
1173 1542 1472 1607 inferiores
1490 1585 1505 1611 ‚
1528 1563 1638 1604 nec
1666 1540 1917 1628 quidem
1942 1539 2176 1603 infimos
2202 1558 2299 1599 ne—

528 1665 731 1749 gligit:
773 1662 876 1724 has
916 1678 1114 1724 autem
1147 1682 1319 1722 curas
1356 1661 1785 1742 diligentislime
1820 1666 1922 1728 vel
1961 1663 2169 1746 implet
2212 1664 2302 1744 ip...

524 1788 607 1857 se‚
626 1788 727 1852 vel
751 1785 993 1849 subditis
1018 1783 1126 1842 fibi
1153 1782 1273 1845 fine
1298 1787 1551 1867 imperio
1575 1789 1826 1870 imperat
1849 1811 1863 1856 3
1894 1792 2211 1872 maximaq,
2240 1788 2301 1845 in

519 1910 966 1991 ,multiplicitate
997 1924 1229 1971 rerum,
1248 1903 1613 1987 quandoque
1642 1905 1685 1968 fi
1709 1929 1860 1988 opus
1891 1909 1999 1978 est,
2027 1913 2301 1992 grauiora

520 2034 724 2103 cidem
750 2030 1017 2112 Principi
1044 2031 1109 2095 in
1135 2031 1491 2091 memoriam
1515 2049 1789 2094 reuocat.
1817 2033 1958 2098 Hoc
1985 2035 2143 2096 idem
2171 2055 2301 2118 pre·
2330 2102 2333 2104 ,

526 2158 677 2223 stant
699 2200 712 2225 ,
744 2156 853 2240 qui
881 2199 895 2222 ‚
933 2151 1167 2215 absente
1208 2151 1460 2220 Panico,
1516 2173 1730 2236 gerunt
1765 2131 1967 2225 vicem
1996 2199 2009 2225 ‚
2041 2160 2300 2240 patriciae

530 2283 721 2365 gentis
749 2277 1125 2358 Cubicularij
1151 2322 1170 2348 N,
1198 2276 1447 2339 Marcus
1473 2277 1779 2342 Antonius
1804 2282 2171 2345 Citarellius‚
2203 2284 2302 2344 Se-

531 2403 830 2471 bastianus
856 2403 1195 2465 Antinorus
1218 2445 1231 2469 ,
1259 2399 1620 2466 Dominicus
1635 2404 2298 2488 Cinquinus‚Thomas

532 2529 952 2594 Valemannus
979 2571 992 2594 ,
1013 2531 1074 2588 ὃ(
1101 2526 1325 2586 Comes
1350 2522 1760 2613 Hieronymus
1788 2528 2126 2597 Gabrielius
2153 2556 2166 2601 3
2189 2536 2298 2615 qui

532 2657 595 2716 :in
622 2653 830 2734 Belgio
859 2651 1002 2712 olim
1032 2690 1045 2719 2
1073 2655 1135 2711 &
1162 2648 1486 2716 Germania
1505 2692 1519 2719 ‚
1546 2655 1820 2717 militaria
1843 2675 1961 2716 non
1987 2656 2176 2719 solum
2205 2675 2299 2739 ty,

533 2779 758 2837 rocinia
785 2772 1009 2858 posuit,
1032 2771 1130 2834 sed
1149 2771 1427 2856 adeptam
1455 2774 1727 2843 bellicam
1757 2782 2046 2845 virtutem
2075 2803 2192 2844 non
2220 2780 2297 2847 le·

536 2899 651 2957 mel
679 2902 946 2960 exercuit
977 2922 990 2966 ·,
1027 2904 1088 2959 &
1122 2895 1304 2958 modo
1335 2940 1351 2965 ‚
1385 2916 1606 2964 retenta
1653 2902 1941 2987 Principis
1974 2904 2154 2967 nostri
2192 2906 2297 2969 Fa-

533 3020 869 3082 miliaritate
913 3063 926 3088 ‚
978 3025 1151 3082 nouis
1202 3019 1504 3104 stipendijs
1543 3026 1752 3089 auclus
1788 3072 1802 3098 ,
1839 3028 2151 3093 militarem
2186 3052 2296 3117 pro

534 3141 789 3205 Ecclesia
826 3148 971 3223 gerit
1013 3146 1390 3226 prouinciam
1429 3195 1442 3209 .
1499 3147 1619 3215 Sed
1659 3149 1889 3232 longius
1940 3152 1974 3216 a
2021 3153 2295 3217 Parnasso

2001 3275 2209 3339 abeam
