2492 3741
1715 186 1810 289 85

331 272 384 324 Ox
412 279 650 350 praestans
671 278 826 329 animi
853 279 886 333 I
888 279 1058 330 uuent's
1074 316 1089 337 ,
1122 281 1361 353 quantum
1382 283 1468 355 ipſs
1473 288 1635 355 feroci

328 397 531 450 Uirtute
555 414 821 475 exuperas,

153 524 317 587 tanto
370 524 698 606 impensius
743 524 1223 593 beneuolentiam
1278 528 1658 614 Amplissimi
1707 538 1929 604 Praesu-

151 650 220 710 lis
271 647 615 711 Mazzarini
650 694 665 718 ‚
706 651 782 717 ad
821 675 1006 740 quam
1053 661 1115 717 ὅ(
1153 654 1603 724 Martinozzius
1632 706 1647 733 ,
1688 662 1927 729 Domui

147 771 356 835 nostrae
400 796 652 855 magnus
685 775 998 845 Praefeeius
1037 796 1093 840 te
1128 778 1455 847 infinuauit
1485 826 1500 855 ,
1534 785 1770 851 summo
1803 788 1921 853 stu-

146 897 251 959 dio
285 939 298 965 ‚
336 915 518 982 atque
561 898 938 969 obseruantia
973 905 1180 968 excole
1218 929 1232 975 3
1275 904 1556 972 facillime
1594 915 1756 975 enim
1789 916 1922 978 eius

145 1025 332 1087 animi
359 1020 681 1092 celsitudo,
712 1032 773 1090 &
812 1030 1000 1110 gratia
1022 1073 1038 1097 ‚
1072 1049 1206 1118 quae
1234 1031 1322 1094 illi
1359 1029 1443 1099 est
1472 1039 1734 1099 maxima
1775 1059 1921 1101 eum

143 1148 317 1230 Rege
344 1189 358 1216 ‚
389 1153 451 1210 δε
495 1148 810 1214 Cardinali
850 1151 1142 1218 Richelio
1178 1200 1193 1226 ,
1227 1171 1367 1218 ante
1403 1156 1667 1225 reditum
1692 1205 1707 1229 ‚
1734 1178 1920 1245 quem

138 1279 490 1354 proximum
542 1314 555 1343 ,
602 1279 664 1334 ὃς
717 1271 1125 1341 felicissimum
1165 1279 1480 1346 Gallicum
1531 1282 1770 1350 Caelum
1818 1304 1922 1368 ap-

138 1398 437 1480 promittit
474 1439 488 1465 ,
531 1394 821 1480 Aulaque
860 1398 1056 1463 nostra
1106 1400 1546 1487 optatissimum
1590 1407 1866 1488 expediat
1899 1446 1917 1475 ‚

135 1520 456 1604 spatiosum
484 1523 751 1604 aperient
774 1523 883 1585 tibi
906 1523 984 1583 ad
1004 1520 1486 1605 percurrendum
1508 1525 1775 1590 militaris
1801 1527 1925 1613 glo-

134 1648 232 1707 riae
260 1666 550 1732 campum
581 1693 593 1704 .
641 1645 776 1706 Nos
805 1643 953 1708 vero
975 1690 989 1714 ,
1018 1645 1545 1730 quemadmodum
1572 1651 1763 1718 Domi
1800 1667 1920 1716 tuae

134 1769 319 1832 Iulios
355 1815 369 1841 ,
413 1769 657 1851 Legum
691 1769 935 1833 oracula
979 1773 1044 1830 in
1084 1772 1375 1835 Romano
1412 1770 1544 1835 foro
1573 1774 1921 1861 peritissime*

130 1893 546 1979 respondentes
574 1941 589 1963 ‚
618 1902 680 1957 ὃς
711 1893 967 1959 Caesares
1006 1891 1181 1959 fimul
1203 1939 1217 1964 ‚
1242 1897 1490 1977 quando
1514 1900 1607 1961 ius
1640 1899 1709 1964 fit
1739 1903 1805 1966 in
1830 1924 1920 1965 ar-

130 2022 241 2084 mis
265 2063 280 2090 ‚
311 2018 503 2081 adeffe
535 2017 817 2085 videmus
843 2039 858 2086 3
891 2018 973 2081 ita,
1001 2017 1383 2085 Alexandros
1405 2019 1577 2086 breui
1598 2044 1721 2088 non
1749 2024 1918 2090 defu·

127 2158 296 2209 turos
323 2142 622 2225 speramus
638 2189 651 2203 .

223 2270 536 2352 Quoniam
576 2265 726 2330 vero
764 2266 1247 2352 pulcherrimum
1273 2268 1455 2336 Aulae
1482 2292 1709 2354 magnae
1736 2271 1916 2341 fiumi-

131 2413 266 2459 cem
306 2390 435 2455 satis
479 2391 816 2475 aspeximus
850 2439 864 2462 ‚
905 2415 1102 2478 operae
1154 2395 1419 2477 pretium
1460 2399 1575 2459 erit
1614 2440 1631 2464 ,
1675 2398 1915 2461 interio-

129 2539 254 2583 rem
281 2515 558 2579 Domum
585 2535 909 2599 penetrare,
933 2534 1017 2586 vt,
1038 2517 1210 2601 quod
1232 2517 1917 2588 diximus‚elaboratissi-

130 2662 302 2707 mum
318 2640 530 2709 Saechi
535 2643 551 2722 j
573 2642 752 2725 Opus
767 2643 1259 2726 contemplemur.
1272 2643 1541 2725 igitur‚in
1555 2666 1625 2708 ea
1639 2644 1916 2711 Aedium

133 2784 323 2855 parte,
351 2789 483 2851 quae
509 2766 587 2828 ad
613 2767 1086 2848 Septentrionem
1114 2766 1356 2851 speeiem,
1372 2784 1537 2850 patet
1559 2768 1915 2837 adeuntibus

135 2889 333 2956 nobile
362 2891 747 2955 Cubiculum
766 2935 781 2963 2
804 2892 928 2978 quo
959 2891 1013 2954 si:
1045 2908 1191 2955 tune
1229 2893 1488 2956 maxime
1517 2893 1799 2983 Princeps
1826 2918 1914 2959 re-

135 3019 289 3100 cipit
315 3063 329 3086 ,
356 3017 500 3081 cum
537 3017 613 3080 ad
646 3017 699 3079 se
730 3018 1093 3082 intro‘e‘untes
1119 3017 1916 3106 exeipit‚auditque:expli-

136 3158 232 3205 cat
259 3141 388 3214 sese,
402 3142 480 3206 ad
507 3146 784 3208 intimam
811 3142 1106 3208 Cubiculi
1130 3165 1432 3216 coronam,
1446 3166 1625 3209 aurea
1641 3167 1811 3218 zona,
1825 3169 1922 3209 ca-

1653 3288 1839 3355 tagra-

1961 313 1996 348 V
1997 312 2058 359 irg.

1960 360 2047 396 neid.
2055 360 2079 397 li
2102 385 2114 398 .

1964 418 1978 444 1
1986 420 2019 444 2.

2073 316 2139 348 Ae-

2081 361 2101 396 b

2435 3532 2455 3547 1

2480 3260 2492 3487 n-q-“ffl-
2490 3223 2492 3242 .-
2482 3172 2485 3178 .
2482 3133 2487 3153 „‚
