2492 3741
636 246 683 294 O

238 366 285 399 La
321 358 410 407 prid.
461 247 623 392 nihii
642 325 828 408 petis?
850 341 927 381 an
953 340 1048 381 me
1069 316 1182 381 tibi
1199 319 1294 380 vis
1322 313 1453 377 fieri
1470 310 1799 374 debitorem
1818 314 1842 370 ?
1862 326 2112 394 peteme
2139 307 2260 388 pri-

237 411 324 448 ibid'
465 468 641 517 uatus
672 447 745 509 de
773 468 868 507 me
892 445 1158 529 queraris
1183 491 1195 502 .
1232 438 1513 502 Referret
1539 437 1635 498 ille
1665 434 2066 515 demum,atq·,
2095 428 2265 491 iden-

465 575 654 640 tidem
683 587 845 653 grata
875 591 1029 632 voce
1067 580 1353 648 repeteret
1386 583 1631 624 auream
1657 559 2011 622 sententiam
2043 601 2057 624 ,
2104 553 2264 639 Qod

468 706 551 761 tibi
574 701 691 776 fieri
717 718 809 752 non
830 703 915 750 vis
947 734 962 757 ,
996 694 1137 748 alteri
1165 714 1222 747 ne
1237 695 1419 762 feceris
1442 714 1459 742 .·
1489 704 1675 766 quam
1710 683 1862 746 ade&
1906 680 2216 745 adamauit
2248 723 2265 748 ‚

467 843 644 908 atque
686 822 954 883 excoluit
984 819 1243 879 Seuerus
1276 862 1289 885 ,
1326 831 1396 878 vt
1434 817 1496 874 in
1539 809 1769 871 Palatio
1800 854 1814 878 ,
1858 816 1921 872 &
1959 810 2024 869 in
2068 803 2272 888 publi,

469 953 551 1012 cis
582 943 863 1029 operibus
889 940 1183 1024 praescribi
1210 939 1441 1020 vbique
1471 934 1716 997 iufferit:
1750 933 2267 995 Verumenimve-

473 1074 539 1134 ro
575 1115 587 1138 ‚
618 1087 686 1132 vt
712 1066 977 1131 fierebant
1005 1087 1074 1127 ea
1115 1082 1389 1147 tempora
1415 1103 1430 1129 ‚
1461 1057 1721 1143 speciosa
1759 1056 2008 1124 fuerint,
2041 1062 2104 1118 ὃς
2134 1078 2272 1138 pro-

478 1193 674 1256 banda
700 1216 770 1254 ea
798 1191 956 1253 dic'ta
982 1213 997 1258 3
1025 1211 1190 1252 nunc
1216 1205 1420 1250 autem
1437 1232 1451 1256 ‚
1479 1185 1720 1249 Diuino
1745 1203 2023 1250 munere,
2049 1181 2267 1264 pietate

472 1332 752 1401 regnante
773 1359 786 1384 ,
815 1312 1096 1375 consueta
1117 1356 1131 1379 ‚
1163 1329 1343 1391 atque
1366 1316 1572 1373 innata
1604 1309 1938 1372 Barberinis
1977 1305 2272 1388 Principi-

475 1442 586 1503 bus
611 1437 784 1518 longe
811 1437 1036 1495 maiora
1071 1429 1414 1509 Christiane
1445 1430 1690 1492 virtutis
1717 1446 2065 1492 ornamenta
2094 1450 2274 1511 agno-

481 1563 696 1624 scimus
713 1586 723 1621 :
740 1553 1264 1643 quemadmodum
1294 1558 1351 1620 ἃ
1378 1553 1557 1635 supra
1574 1553 1783 1614 Seueri
1808 1554 2074 1633 gloriam,
2100 1553 2276 1636 stipa-

481 1704 613 1749 tum
628 1684 978 1765 suspicimus
1008 1678 1275 1741 nostrum
1293 1676 1636 1760 Principem
1663 1675 2019 1746 dofflioreac
2037 1678 2281 1740 sancho-

483 1829 547 1869 re
585 1807 903 1869 illustrium
936 1804 1236 1864 Virorum
1267 1800 1705 1865 consuetudine
1735 1825 1748 1869 ς
1775 1801 1877 1865 vel
1911 1825 2036 1866 vno
2063 1801 2284 1885 preser-

483 1934 610 1999 tim,
627 1931 805 1992 instar
832 1928 1115 2008 leiani,
1138 1924 1395 1994 Venati,
1431 1926 1764 1996 Sereniani,
1788 1926 2085 1989 Romanae
2113 1926 2283 2005 Rote

487 2054 794 2116 Auditore
815 2052 1130 2114 Clemente
1151 2047 1425 2107 Merlino
1440 2092 1454 2105 .

583 2176 728 2241 Sed,
755 2175 971 2237 amabo
990 2192 1075 2242 te,
1106 2167 1469 2234 iucundiora
1499 2171 1850 2236 intueamur
1871 2215 1884 2228 .
1933 2176 2027 2233 En
2055 2169 2285 2237 Galea„

491 2322 650 2363 aenea
681 2343 695 2367 ‚
724 2302 785 2359 &
811 2296 1061 2359 Lanceae
1089 2293 1347 2363 Mucro·,
1373 2297 1554 2357 Vnica
1579 2339 1593 2363 ,
1622 2295 1725 2361 vel
1743 2296 2045 2359 vincentis
2082 2295 2284 2359 Anni-

492 2423 636 2484 balis
661 2422 791 2490 ‚vel
817 2420 965 2483 vic'ti
993 2416 1303 2488 Consulis,
1327 2417 1404 2480 ad
1429 2415 1694 2481 nostrum
1719 2416 2247 2501 Thrasymennum,
2264 2465 2281 2489 ,

494 2545 629 2624 cedi
654 2563 789 2628 quae
815 2543 1155 2627 superfuere
1185 2542 1370 2627 spolia
1394 2567 1408 2612 3
1441 2541 1518 2604 de
1547 2542 1769 2627 qulbus
1802 2544 2280 2624 integerrimam-2

498 2670 730 2731 faciunt
767 2665 949 2731 fidem
990 2670 1116 2730 noti
1151 2668 1551 2730 internecione
1586 2669 1744 2752 Agri
1781 2713 1797 2737 ,
1843 2668 1987 2730 olim
2018 2667 2279 2733 albentes

499 2791 721 2854 ossibus
755 2836 768 2859 ,
797 2810 917 2874 que
945 2789 1160 2854 iterum
1196 2795 1539 2876 iterumque
1566 2838 1580 2861 ,
1617 2814 1782 2856 nouo
1814 2790 2039 2875 semper
2065 2795 2280 2857 vulne-

503 2937 564 2977 re
584 2961 598 2984 ,
628 2915 928 2997 ligonibus
952 2961 965 2984 ,
1002 2921 1065 2977 ὃς
1108 2919 1307 2978 aratris
1344 2914 1612 3000 percussa
1643 2963 1658 2987 ,
1690 2920 1915 3001 periere
1949 2916 2226 2981 tandem-2
2264 2941 2280 2987 ς

507 3036 912 3121 conuersaque
949 3038 1199 3102 demum
1238 3044 1300 3102 in
1343 3042 1538 3125 glebas
1573 3086 1588 3111 ‚
1610 3043 1737 3106 vna
1770 3064 1912 3103 curn
1951 3042 2159 3103 tellure
2191 3063 2280 3103 re-

510 3165 749 3227 uiruere
782 3210 794 3223 .
842 3162 1110 3226 Eandem
1131 3162 1368 3230 firmant
1392 3166 1579 3230 fidem
1605 3184 1810 3250 putres
1837 3166 1962 3228 aliae
1984 3165 2278 3236 ibidem„

2069 3311 2199 3372 gra-
