2492 3741
614 263 755 328 140

501 353 733 425 Vtraque
757 343 937 402 diuinae
955 338 1285 417 pulcherrima
1313 332 1440 388 Filia
1465 328 1671 389 mentis,

638 467 879 527 Aetheriae
901 470 957 535 (t)
980 465 1154 520 mentis
1179 477 1389 536 Utraque
1412 456 1558 530 digna
1588 457 1748 507 Viro.

506 597 648 656 ‘Tale
669 613 780 650 tuas
810 596 958 667 igitur·
984 585 1433 656 carmenscrtbatur
1461 584 1512 636 in
1541 576 1694 637 aedes,

641 723 773 777 Haec
804 715 1078 790 Sophias&
1106 716 1271 768 Pietas
1295 712 1440 784 Regia
1463 711 1587 762 tella
1612 703 1741 757 colit.

592 843 711 910 Sed
735 841 880 902 heus
905 845 1011 900 tu?
1038 839 1277 919 Optatis
1305 838 1450 896 meis
1476 832 1589 893 sors
1612 828 1858 895 tandem
1878 825 2089 890 arrisit.
2133 820 2275 884 Infi-

509 975 631 1059 gnis
662 984 980 1050 genere,ac
1021 965 1242 1024 virtute
1274 959 1419 1026 Vir,
1447 957 1640 1040 Eques
1668 953 1990 1017 Cassianus
2027 950 2277 1013 puteus.

508 1094 772 1176 Principi
795 1085 1112 1149 Cardinali
1139 1082 1444 1145 Francisco
1463 1079 1785 1143 Barberino
1809 1079 1842 1140 a
1866 1075 2123 1160 poculis,
2139 1073 2286 1134 Mu·

510 1218 576 1281 fis
601 1234 758 1280 totus
783 1233 876 1279 ,ac
906 1209 1110 1289 studiis
1140 1206 1542 1286 sacratus,qui
1580 1203 1724 1283 saepe
1753 1203 2115 1264 Amicorum
2142 1192 2285 1257 defi-

513 1340 686 1421 derijs
713 1335 870 1398 Vltro
905 1335 1166 1395 occurrit
1188 1378 1203 1401 ,
1238 1329 1421 1392 modo
1456 1327 1532 1387 ad
1559 1345 1653 1386 me
1690 1323 1903 1385 detulit
1928 1323 2151 1384 Leonis
2179 1317 2292 1381 Al-

516 1463 671 1542 latij,
698 1457 959 1519 eiusdem
997 1457 1289 1541 Principis
1317 1451 1958 1529 Familiaris‚optatum
1992 1443 2100 1506 diu
2138 1441 2293 1503 Pho-

520 1582 667 1648 cidis
697 1577 876 1662 ipsius
902 1581 1178 1637 natiuum
1210 1580 1503 1639 Carmen:
1531 1580 1591 1634 ἃ
1618 1570 1749 1634 sane
1772 1569 2091 1636 videbatur
2117 1564 2297 1632 mihi,

521 1703 857 1770 fabulosum
910 1695 1361 1781 quodammodo
1408 1695 1733 1757 existimari
1777 1693 1936 1778 poffe
1990 1691 2296 1755 nostrum„

525 1824 871 1891 Parnassum
898 1865 911 1888 ,
939 1838 1230 1899 tanquam
1256 1820 1288 1877 ἐ
1317 1818 1554 1877 Graecia
1591 1817 1965 1886 accersitum,
2001 1824 2062 1879 &
2090 1819 2301 1898 longa)

527 1973 636 2035 per
662 1965 901 2033 aequora
931 1940 1051 2003 huc
1077 1938 1404 2003 adueclum
1429 1984 1441 2007 ‚
1472 1938 1576 2000 nisi
1608 1943 1746 2023 quis
1775 1984 1787 2011 ,
1818 1964 1936 2003 non
1975 1939 2300 2026 equidem-2

527 2072 924 2138 aduentitius,
949 2063 1047 2127 sed
1073 2071 1371 2146 genuinus
1403 2064 1601 2124 Incola
1629 2063 2118 2133 fateretur,hunc
2137 2083 2306 2124 eum-

528 2199 665 2262 dem
693 2192 801 2254 effe
833 2189 1162 2272 profugum
1193 2191 1467 2250 Montem
1497 2232 1508 2254 ,
1535 2192 1643 2271 qui
1673 2187 1774 2251 has
1803 2188 1990 2251 solum
2017 2191 2079 2249 in
2107 2185 2304 2248 Aedes

538 2298 740 2403 sponte}
779 2316 1275 2396 commigrauerit
1301 2354 1316 2380 ,
1342 2310 1583 2394 suasque
1615 2312 1855 2375 tandem
1891 2316 1950 2374 in
1987 2313 2052 2393 ijs
2081 2307 2306 2373 radices

536 2446 732 2510 fixerit
760 2488 772 2500 .
823 2442 1040 2524 &cquis
1069 2458 1268 2500 autem
1298 2435 1450 2499 testis
1472 2436 1826 2520 locupletior
1851 2482 1864 2505 ,
1896 2439 2044 2497 inter
2070 2437 2307 2497 natiuos

539 2565 784 2631 Incolas,
808 2563 868 2625 id
885 2562 1076 2625 testari
1101 2560 1344 2644 grauius
1361 2558 1559 2643 potest,
1573 2562 1755 2645 quam
1770 2607 1782 2630 ‚
1798 2580 2007 2623 eorum
2033 2564 2307 2621 omnium

542 2695 839 2777 princeps,
864 2689 1160 2749 Allatius?
1185 2688 1293 2770 qui
1324 2685 1539 2767 septem
1566 2686 1797 2764 Greciae
1824 2683 2121 2752 Vrbibus,
2144 2684 2197 2745 se
2226 2687 2312 2744 in-

544 2820 740 2875 uicem
767 2818 826 2872 in
854 2814 945 2871 ius
974 2809 1378 2894 raptantibus,
1402 2809 1627 2891 Magno
1653 2830 1762 2893 pro
1786 2807 2086 2877 Homero,
2113 2826 2315 2871 conte·

545 2938 694 2999 statae
724 2938 807 2999 liti
841 2933 1371 2997 succumbentibus
1397 2938 1643 3001 caeteris,
1661 2934 1942 2996 diuinum
1966 2931 2313 2997 Homerum

546 3059 743 3125 Chio,
772 3079 904 3139 quae
936 3065 996 3120 δὲ
1025 3058 1132 3142 ipsl
1165 3058 1355 3119 Patria
1387 3056 1469 3118 est
1490 3100 1505 3124 ‚
1530 3061 1827 3121 oculatior
1853 3057 2272 3122 vendicauerit
2301 3103 2315 3127 ‚

545 3183 770 3266 fibique
803 3179 1059 3243 Homeri
1090 3182 1265 3243 Ciuis
1299 3203 1502 3245 omnes
1538 3182 1743 3246 laudes
1770 3231 1782 3243 .
1815 3181 2048 3245 Idcirco
2082 3184 2316 3246 Allatio

2107 3328 2240 3370 {na-
