2492 3741
1708 236 1814 310 95

157 306 320 369 vnde
345 309 530 371 modo
555 307 916 377 discesserat,
934 308 1128 371 noster
1151 326 1491 372 reuertatur
1516 314 1778 395 aspectus
1796 365 1811 380 .
1860 316 1933 378 Et

157 434 449 511 quoniam
481 431 652 496 haud
683 434 840 517 potis
865 430 996 493 sum
1022 477 1037 501 ‚
1061 431 1172 496 tibi
1197 432 1499 495 ostendere
1528 476 1541 502 ,
1567 437 1737 518 quod
1764 437 1933 519 supe-

157 554 413 618 rioribus
437 560 604 619 annis
627 555 834 618 nostris
860 557 1050 619 oculis
1072 555 1343 623 vidimus
1366 600 1379 626 ,
1409 560 1696 621 nimirum
1723 561 1786 620 in
1815 558 1932 623 hoc

161 677 330 740 Caelo
360 683 658 764 triplicem
693 680 890 742 Solem
917 703 932 750 3
958 678 1057 742 hic
1093 678 1291 742 saltem
1317 725 1330 750 ‚
1362 678 1514 743 dum
1548 680 1838 746 scribendi
1865 683 1932 748 fi-

158 822 294 863 nem
321 802 476 866 fiacio
504 851 517 874 ,
539 805 725 868 breui
742 807 1010 867 oratione
1034 804 1330 885 aperiam.
1363 805 1704 869 Accesserat
1725 807 1802 870 ad
1826 806 1930 871 has

156 925 358 988 Aedes
404 927 848 992 VRBANVS
883 925 1175 990 *Pontifex
1200 969 1214 998 ,
1239 932 1341 991 cui
1360 929 1699 1014 opportune
1725 934 1786 993 in
1813 931 1930 995 hoc

156 1049 284 1131 ipso
310 1049 627 1115 Cubiculo
664 1051 930 1134 apposita
960 1053 1155 1117 mensa
1176 1099 1190 1123 ,
1223 1053 1435 1119 incidit
1463 1072 1597 1118 tum
1637 1075 1711 1115 ex
1738 1058 1931 1140 inopi-

155 1191 296 1235 nato
320 1175 495 1238 lectio
524 1176 599 1238 de
625 1176 856 1238 Diuina
877 1175 1208 1259 Sapientia:
1231 1177 1620 1262 quamobrem
1646 1177 1931 1242 admirari

155 1295 433 1359 Proceres
461 1341 473 1367 ,
502 1303 736 1381 quique
772 1298 1019 1362 aderant
1042 1305 1236 1365 caeteri
1260 1347 1274 1370 ‚
1311 1309 1398 1371 ὃς,
1425 1322 1643 1364 arcano
1665 1301 1933 1386 quodam

154 1419 451 1482 Numinis
481 1420 725 1485 consilio
751 1466 764 1489 ,
793 1421 1070 1504 praeclare
1098 1421 1319 1488 fafium
1341 1470 1355 1494 ‚
1386 1424 1640 1508 quisque
1662 1424 1934 1484 submur-

153 1566 389 1607 murare
405 1572 416 1605 :
432 1563 502 1609 vt
524 1564 653 1608 tum
674 1543 924 1607 demum
943 1545 1244 1606 Diuinam
1271 1541 1937 1625 Sapientiam,fibinun-

153 1686 337 1751 quam
366 1672 554 1733 visam
575 1715 590 1737 ‚
636 1667 744 1731 nifi,
773 1664 1026 1730 tenebris
1050 1711 1062 1734 ‚
1088 1682 1194 1729 aut
1235 1663 1393 1729 certe
1420 1666 1559 1733 velo
1604 1666 1808 1752 aliquo
1834 1665 1936 1729 ob-‘

151 1790 398 1855 ductam
425 1837 439 1862 ‚
471 1790 672 1876 aperte*
715 1793 978 1860 intueri,
1006 1813 1075 1852 ac
1100 1833 1114 1858 ‚
1148 1790 1343 1854 veluti
1386 1789 1638 1854 recludo
1681 1790 1894 1875 fipario
1920 1835 1936 1861 ,

122 1915 547 1999 ¹contemplari
584 1918 814 1997 cuique
851 1914 1092 1979 liceret3
1126 1909 1347 1974 scilicet
1379 1914 1440 1973 in
1469 1911 1662 1975 Sacris
1700 1915 1936 1997 Paginis

151 2041 450 2102 Diuinam
477 2040 666 2108 illam,
687 2045 748 2101 &
768 2036 944 2120 plane
969 2034 1393 2119 Archetypam
1411 2077 1425 2104 ,
1444 2036 1505 2097 in
1533 2034 1934 2101 VRBANO

153 2163 514 2246 Protypam,
548 2163 612 2223 in
643 2161 884 2225 Pictura
909 2160 1234 2244 Eclypam.
1281 2163 1593 2241 Quantum
1617 2159 1765 2224 vero
1792 2159 1932 2223 inde

153 2289 331 2355 luciS‚
355 2303 654 2368 quantum
678 2283 1001 2368 splendoris
1025 2326 1040 2354 ,
1071 2301 1203 2348 tum
1232 2280 1506 2345 Aedibus
1522 2327 1535 2352 ,
1557 2300 1686 2346 tum
1714 2285 1782 2365 ijs
1807 2307 1933 2350 orn-

151 2409 327 2473 nibus
356 2407 587 2471 acceffit
611 2454 625 2476 ‚
655 2412 764 2490 qui
788 2409 1022 2473 summo
1058 2408 1325 2492 Principi
1350 2403 1689 2471 adstabant!
1735 2407 1932 2470 Profe-

54 2565 58 2569 ·
152 2534 248 2599 &6
274 2580 288 2603 ‚
319 2531 842 2617 quemadmodum
874 2535 1121 2617 parietes
1155 2529 1265 2614 ips1
1292 2529 1497 2613 gestire
1525 2529 1894 2595 videbantur
1915 2577 1929 2603 ,

153 2665 218 2721 ὃς
239 2659 467 2720 fibimet
492 2674 729 2720 tantum
757 2656 1049 2720 honorem
1075 2654 1477 2738 gratulari3ita
1494 2676 1616 2724 nos,
1631 2653 1933 2721 confidem

156 2802 241 2845 tes
272 2804 391 2867 prae
427 2782 627 2844 laetitia
657 2823 670 2849 ‚
695 2779 858 2864 quafi
891 2786 955 2842 in
991 2782 1177 2861 ipsam
1207 2780 1501 2842 Diuinam
1527 2778 1931 2863 Sapientiam-2

156 2912 311 2992 rapti
346 2954 360 2978 ‚
390 2906 543 2970 nihil
567 2904 804 2968 obscuri
832 2949 846 2973 ,
885 2903 1038 2967 nihil
1066 2902 1531 2987 impenetrabilis
1562 2901 1930 2967 existimaba-

155 3055 291 3097 mus
322 3036 386 3095 in
420 3031 722 3115 posterum
759 3028 919 3113 posse
952 3028 1120 3089 nobis
1148 3050 1460 3090 occurrere
1486 3054 1499 3089 ε
1527 3046 1782 3113 quaeque
1806 3032 1931 3092 ani-

158 3180 258 3220 mo
296 3154 638 3220 sanctislima
671 3152 1112 3220 venerabamur
1139 3153 1382 3216 oracula
1404 3196 1421 3223 ,‚
1442 3150 1779 3236 legebamus
1799 3170 1932 3216 tum

1618 3299 1647 3341 a
1654 3277 1818 3362 perte
1830 3324 1846 3350 ,
