2492 3741
588 227 608 273 1
632 199 668 274 8
685 228 729 271 o

470 306 627 370 istud
658 306 862 370 locum
893 304 1109 367 habeat
1137 307 1289 368 inter
1324 302 1681 384 Principum
1706 295 2258 379 effigies,tanquam

472 433 546 494 ab
595 430 800 512 ijsdem
858 428 1183 514 speohatum
1235 455 1250 498 ς
1303 427 1453 490 audi
1500 427 1791 488 Marcum
1835 420 2155 483 Tullium
2203 441 2218 485 3

368 579 400 604 2.
475 557 595 609 Iam
637 555 756 609 vero*
794 556 1039 607 immanes
1070 556 1216 623 feras
1247 591 1262 611 ,
1301 559 1358 622 gf)
1399 550 1577 605 belluas
1617 546 1941 616 nanciscimur
1980 539 2205 594 venando
2247 579 2263 598 ,

476 700 540 738 ‘vt
589 683 848 749 ‘vescamur
888 678 965 731 his
1005 717 1020 737 ‚
1061 682 1116 745 (ff
1160 696 1219 732 ‘vt
1259 692 1577 732 exerceamur
1617 676 1669 726 in
1709 675 1932 726 venando
1971 707 1987 728 ,
2025 664 2098 717 ad
2122 666 2269 737 ,fimi-

479 804 733 861 limdmem
775 805 944 858 bellicae
984 802 1237 877 dascz'plinae
1268 852 1280 864 .
1334 806 1568 865 Amant
1627 797 1914 882 equidem
1959 794 2264 870 Principes

481 930 834 995 huiusmodi
875 931 1327 991 exercitationes
1378 971 1392 996 ‚
1445 924 1670 1009 quibus
1715 922 1794 984 ad
1845 920 1998 982 bella
2060 935 2274 998 corpo-

481 1061 560 1119 ris
596 1058 755 1120 vires
785 1055 1107 1116 firmantur
1136 1098 1150 1122 ,
1192 1054 1378 1114 animi
1429 1049 1784 1113 audaciores
1839 1045 1999 1107 fiunt
2040 1067 2054 1110 3
2093 1060 2278 1100 mem-

481 1182 586 1243 bra
624 1179 961 1241 robustiora
996 1177 1074 1240 ad
1109 1177 1439 1241 tolerandas
1474 1176 1604 1235 caeli
1648 1175 1896 1234 iniurias
1926 1215 1939 1237 ,
1968 1171 2281 1231 itinerum-

481 1325 600 1388 que
643 1303 869 1368 labores
896 1350 910 1373 ,
941 1310 1005 1366 &
1043 1301 1218 1364 fimul
1266 1316 1491 1364 mentes
1530 1298 1566 1358 a
1602 1293 2082 1356 solicitudinibus
2109 1336 2122 1359 ,
2165 1313 2285 1350 ma-

484 1433 730 1514 gnisque
757 1433 917 1491 curis
946 1445 1339 1495 reuocantur,
1363 1446 1431 1486 ac
1475 1420 1959 1501 redintegrantur
1984 1464 1996 1475 .
2043 1414 2291 1477 Mithri-

489 1550 653 1613 dates
693 1589 706 1615 ‚
749 1567 931 1629 quem
974 1552 1158 1616 modo
1198 1551 1472 1615 vidimus
1509 1593 1522 1616 ‚
1571 1543 1723 1607 adeo
1765 1559 1997 1607 venatu
2040 1539 2292 1602 oblecta—

494 1676 672 1738 batur
694 1716 707 1739 ‚
733 1690 803 1735 vt
829 1716 842 1740 ,
867 1672 1049 1752 longo
1085 1676 1376 1753 temporis
1402 1672 1590 1751 spatio
1623 1711 1637 1737 ,
1669 1666 1999 1751 aliquando
2041 1689 2152 1728 nec
2198 1686 2296 1728 vr-

492 1801 753 1866 banum,
784 1816 893 1856 nec
935 1793 1130 1851 rurale
1158 1795 1390 1850 tectum
1422 1789 1652 1868 subijffe
1681 1788 1902 1852 feratur
1928 1839 1939 1851 .
1983 1792 2061 1853 Et
2098 1793 2298 1853 Anto-

493 1928 673 1987 ninus
700 1919 822 2001 ipse
855 1910 1257 1996 Philosophus
1275 1956 1289 1979 ,
1309 1910 1524 1972 relicilis
1555 1910 1681 1992 alijs
1709 1912 1957 1973 ludicris
1983 1959 1996 1983 ‚
2020 1913 2136 1976 hoc
2168 1935 2297 1978 vno

495 2044 766 2112 belluoso
791 2089 805 2112 ,
834 2039 1003 2125 quasi
1027 2033 1302 2099 bellicoso
1328 2052 1624 2118 apparatu
1651 2034 1760 2097 fisse
1787 2032 2124 2117 frequenter
2142 2038 2300 2098 oble—

499 2175 718 2239 ctabat.
749 2165 925 2249 Quid
951 2165 1178 2225 mirum
1207 2181 1373 2241 ergo,
1400 2157 1497 2221 hic
1522 2158 1565 2220 s1
1592 2160 1888 2243 speciatur
1916 2160 2113 2244 praeda
2146 2162 2300 2223 coelo

503 2296 767 2381 expreffa
791 2316 805 2361 3
835 2297 898 2352 &
919 2284 1168 2350 fortaffis
1194 2302 1370 2368 capta
1396 2284 1562 2368 apud
1591 2286 1840 2368 infignia
1878 2287 2040 2349 Ereti
2081 2285 2304 2349 nostro-

501 2447 637 2487 rum
667 2417 1023 2498 Principum
1055 2413 1372 2476 venatoria
1395 2409 1546 2481 loca,
1574 2402 1815 2474 delicias
1852 2407 2094 2472 fortassis
2122 2410 2304 2493 ipfius

504 2550 648 2609 olim
678 2542 1023 2606 Antonini?
1051 2536 1243 2622 Qod
1273 2535 1436 2597 idem
1468 2536 1719 2599 affirmet
1754 2533 2019 2620 quisquis
2043 2536 2305 2620 superio-

506 2676 557 2735 ri
591 2689 751 2732 anno
796 2663 1022 2726 ibidem
1069 2660 1491 2727 venationibus
1536 2662 1840 2728 interfuit,
1879 2661 2079 2723 nostro
2123 2684 2306 2726 cum,

512 2793 792 2876 Principe
830 2763 1149 2853 Cardinali
1191 2790 1509 2856 Antonio,
1539 2784 1805 2871 ferasque
1841 2807 1947 2869 per
1971 2784 2304 2850 ditionem-2

517 2918 681 2980 illam
718 2911 1135 2999 amplissimam
1182 2913 1495 2994 indagauit
1526 2935 1541 2980 3
1574 2910 1681 2976 vbi
1712 2914 1866 2974 miro
1904 2910 2157 2973 artificio
2195 2911 2309 2994 syl-

519 3064 652 3110 uas,
679 3047 740 3103 &
770 3059 1016 3101 nemora
1054 3037 1339 3100 immensa
1364 3081 1377 3108 ,
1406 3037 1485 3099 ad
1516 3036 1722 3099 cibum
1760 3034 1951 3098 solum
1980 3081 1994 3104 ‚
2024 3043 2085 3099 ὃς
2116 3034 2310 3097 stabu-

523 3167 650 3231 lum
678 3164 1017 3229 belluarum
1034 3207 1048 3232 ‚
1073 3161 1217 3231 sata,
1243 3169 1306 3225 ot
1330 3163 1492 3227 culta
1516 3162 1805 3227 videntur
1830 3183 1844 3228 3
1875 3157 1981 3222 Vbi
2019 3160 2310 3224 interlita-2

2014 3286 2228 3368 passim
