2492 3741
618 218 698 300 18

494 343 570 401 ris
584 381 597 402 ,
614 335 676 393 in
700 326 1036 411 proximam
1057 320 1358 404 priuatam
1376 307 1816 374 Bibliothecam
1838 309 2146 371 introduci
2171 307 2274 370 de-

497 460 734 524 fideras·,
760 469 894 535 quae
924 445 1198 528 quidem,
1226 439 1451 503 fatebor
1476 433 1763 521 ingenue,
1796 451 2110 518 tamquam
2137 438 2272 499 inti-

490 603 668 647 mum
694 580 877 641 vnius
912 569 1207 650 Principis
1243 562 1549 628 Musaeum
1576 608 1590 631 ‚
1622 565 1655 624 a
1682 583 1777 623 me
1807 580 1928 622 non
1953 559 2157 622 adhuc
2190 560 2274 622 est

501 701 768 770 distincte
792 694 1148 783 perlustrata.
1165 690 1304 754 Scio
1318 708 1517 753 tamen
1537 689 1861 750 innumeris
1889 685 2041 770 pene
2072 686 2275 747 Libris

501 829 870 891 instructam,
901 840 1119 902 graeco,
1146 818 1329 880 latino
1355 862 1367 883 ,
1401 812 1629 879 italico,
1667 811 1907 894 gallico,
1937 810 2281 895 hispanim,

506 952 842 1036 germanico
859 943 1121 1006 sermone
1139 940 1793 1020 conscripti83quorum
1825 937 2080 1018 singulos
2113 936 2282 997 Prin-

509 1097 644 1159 ceps
682 1074 800 1159 ipse
823 1116 836 1139 ,
863 1088 986 1153 quo
1013 1064 1242 1151 praestat
1278 1064 1500 1146 ingenij
1529 1065 1813 1123 acumine
1834 1108 1847 1132 ,
1891 1059 2283 1124 incredibile)

506 1199 672 1261 dictu
698 1193 1007 1278 est,qu:'tm
1042 1189 1320 1256 facile,&
1347 1185 1601 1250 feliciter
1628 1203 1934 1271 percurrat
1959 1230 1973 1253 ,
2002 1198 2283 1266 excepto-

512 1341 633 1405 que
677 1317 913 1381 tantum
952 1315 1142 1375 oculis
1175 1330 1377 1373 extero
1408 1312 1698 1373 idiomate
1725 1358 1738 1380 ,
1770 1310 2063 1395 perquam
2091 1306 2283 1376 culte,

513 1441 706 1506 italice
733 1439 940 1499 reddat
965 1481 978 1504 ,
1006 1458 1075 1496 ac
1103 1433 1148 1494 si
1176 1455 1245 1491 ea
1291 1431 1548 1494 dialeclo
1575 1432 1838 1514 imprefli
1877 1433 2242 1496 haberentur
2281 1478 2292 1492 .

516 1563 713 1631 Haud
741 1562 882 1623 hinc
900 1556 1071 1641 longe
1087 1601 1101 1624 ‚
1122 1552 1374 1617 Odeum
1395 1553 1784 1636 ingredimur,
1801 1556 1911 1621 vbi
1932 1556 2012 1620 ad
2028 1577 2289 1619 recrean-

517 1690 668 1753 dum
698 1687 989 1769 Principis
1017 1684 1289 1745 animum
1316 1726 1329 1749 ,
1359 1683 1739 1760 negotiorum
1769 1684 1923 1744 mole
1950 1682 2291 1768 interdum-‚s

517 1815 904 1892 defatigatum
936 1853 949 1875 ,
981 1804 1234 1887 Aloyfio
1263 1803 1505 1873 Rubeo,
1523 1806 1704 1869 nostri
1731 1808 1850 1869 aeui
1876 1803 2296 1890 preclariffimo

521 1936 825 2001 Phonasco
858 1977 870 1999 ,
905 1936 967 1993 &
998 1927 1293 2009 Principis
1319 1928 1501 1987 nostri
1526 1930 1838 2002 familiari,
1863 1930 2149 1994 musicam
2187 1951 2299 2011 pu-

525 2083 699 2144 gnam
728 2054 1097 2119 moderante,
1127 2050 1426 2114 Lauretus
1444 2048 1670 2130 Eques,
1692 2055 2110 2139 pasqualinus,
2127 2053 2301 2115 Blan-

525 2181 698 2244 chius
713 2223 726 2246 ,
749 2176 1102 2239 suauissimis
1119 2177 1266 2236 inter
1281 2171 1334 2237 se
1353 2172 1606 2238 vocibus
1627 2195 1852 2240 certant
1866 2204 1879 2244 3
1895 2179 2004 2240 vbi
2023 2178 2302 2237 Marazo-

527 2306 644 2368 lius
672 2302 897 2366 Psaltes,
918 2300 1139 2380 aliique
1164 2294 1389 2358 nobiles
1420 2296 1730 2367 Fidicines‚
1750 2300 2196 2382 Tibicinesque,
2216 2299 2304 2390 di-

532 2422 1180 2505 scordiumssneruorum
1211 2420 1687 2492 concordia,non
1715 2421 1898 2488 modo
1916 2422 2301 2493 audientium

534 2573 701 2612 aures
730 2595 744 2618 ‚
776 2546 1119 2629 animosque
1143 2547 1220 2609 ad
1239 2547 1348 2610 sese
1374 2546 1647 2611 alliciunt
1671 2593 1684 2617 ,
1719 2547 1818 2609 sed
1843 2553 1904 2612 ὃς
1926 2552 2200 2631 rapiunt,
2237 2571 2306 2611 ac

532 2671 921 2757 pertrahunt.
941 2670 1107 2732 Hinc
1132 2694 1235 2755 per
1257 2689 1465 2734 ornata
1488 2672 1824 2741 Cubicula,
1853 2676 1914 2737 in
1938 2678 2152 2738 nonita
2181 2695 2305 2743 am-

539 2798 702 2879 plam
732 2795 958 2857 Aulam
985 2797 1186 2857 exitur
1209 2842 1222 2864 ‚
1248 2800 1309 2858 in
1344 2816 1465 2881 qua
1494 2796 1978 2860 Florentinorum
2004 2802 2067 2861 in
2099 2799 2304 2880 primis

539 2918 870 2981 Illustrium
887 2916 1184 2980 Virorum
1200 2923 1487 3004 imagines
1502 2920 1762 3006 speelare
1777 2921 2156 3005 licet3quibus
2180 2923 2307 2983 Lu-

539 3043 833 3105 donicum
854 3042 1178 3105 Aurelium
1193 3053 1374 3128 quoq,
1387 3044 1655 3108 nostrum
1674 3044 2132 3109 humanissimus
2148 3046 2312 3107 Prin-

535 3187 678 3246 ceps
702 3164 871 3226 inseri
893 3167 1092 3230 voluit
1113 3212 1127 3236 ,
1154 3174 1216 3231 &
1238 3169 1486 3250 quidem
1508 3170 1544 3233 ἐι
1576 3170 1831 3235 Sacchio
1857 3188 1978 3234 tam
2006 3168 2306 3254 ingeniose

2104 3293 2229 3354 effi-
