<?xml version="1.0" encoding="UTF-8"?>
<!DOCTYPE html PUBLIC "-//W3C//DTD XHTML 1.0 Transitional//EN"
    "http://www.w3.org/TR/xhtml1/DTD/xhtml1-transitional.dtd">
<html xmlns="http://www.w3.org/1999/xhtml" xml:lang="en" lang="en">
 <head>
  <title>
</title>
<meta http-equiv="Content-Type" content="text/html;charset=utf-8" />
  <meta name='ocr-system' content='tesseract 3.04.00' />
  <meta name='ocr-capabilities' content='ocr_page ocr_carea ocr_par ocr_line ocrx_word'/>
</head>
<body>
  <div class='ocr_page' id='page_1' title='image "aedesbarberinaea00teti_0214.png"; bbox 0 0 2492 3741; ppageno 0'>
   <div class='ocr_carea' id='block_1_1' title="bbox 619 259 770 330">
    <p class='ocr_par' dir='ltr' id='par_1_1' title="bbox 619 259 770 330">
     <span class='ocr_line' id='line_1_1' title="bbox 619 259 770 330; baseline -0.033 0"><span class='ocrx_word' id='word_1_1' title='bbox 619 259 770 330; x_wconf 80' lang='lat'><strong>174</strong></span> 
     </span>
    </p>
   </div>
   <div class='ocr_carea' id='block_1_2' title="bbox 271 332 2292 1406">
    <p class='ocr_par' dir='ltr' id='par_1_2' title="bbox 271 332 2292 1406">
     <span class='ocr_line' id='line_1_2' title="bbox 497 332 2276 426; baseline -0.004 -20"><span class='ocrx_word' id='word_1_2' title='bbox 497 344 710 426; x_wconf 85' lang='lat' dir='ltr'><strong>sculpti</strong></span> <span class='ocrx_word' id='word_1_3' title='bbox 743 344 1069 426; x_wconf 83' lang='lat' dir='ltr'><strong>quicquam</strong></span> <span class='ocrx_word' id='word_1_4' title='bbox 1098 341 1194 402; x_wconf 83' lang='lat' dir='ltr'><strong>hic</strong></span> <span class='ocrx_word' id='word_1_5' title='bbox 1234 340 1580 403; x_wconf 85' lang='lat' dir='ltr'><strong>reconditur</strong></span> <span class='ocrx_word' id='word_1_6' title='bbox 1603 383 1617 408; x_wconf 91' lang='lat'><em>‚</em></span> <span class='ocrx_word' id='word_1_7' title='bbox 1646 361 1721 401; x_wconf 87' lang='lat' dir='ltr'><strong>ne</strong></span> <span class='ocrx_word' id='word_1_8' title='bbox 1752 339 2004 399; x_wconf 78' lang='lat' dir='ltr'><strong>materia</strong></span> <span class='ocrx_word' id='word_1_9' title='bbox 2033 332 2230 417; x_wconf 79' lang='lat' dir='ltr'><strong>potius</strong></span> <span class='ocrx_word' id='word_1_10' title='bbox 2262 378 2276 399; x_wconf 84' lang='lat'>‚</span> 
     </span>
     <span class='ocr_line' id='line_1_3' title="bbox 501 456 2281 552; baseline -0.008 -22"><span class='ocrx_word' id='word_1_11' title='bbox 501 469 683 552; x_wconf 54' lang='lat' dir='ltr'><strong>quam</strong></span> <span class='ocrx_word' id='word_1_12' title='bbox 722 463 1047 548; x_wconf 72' lang='lat' dir='ltr'><strong>praestantia</strong></span> <span class='ocrx_word' id='word_1_13' title='bbox 1078 468 1273 547; x_wconf 86' lang='lat' dir='ltr'><strong>operis</strong></span> <span class='ocrx_word' id='word_1_14' title='bbox 1306 464 1588 526; x_wconf 77' lang='lat' dir='ltr'>laudetur</span> <span class='ocrx_word' id='word_1_15' title='bbox 1614 508 1626 531; x_wconf 92' lang='lat'>,</span> <span class='ocrx_word' id='word_1_16' title='bbox 1656 465 1959 545; x_wconf 74' lang='lat' dir='ltr'><strong>gloriaque</strong></span> <span class='ocrx_word' id='word_1_17' title='bbox 1991 459 2153 519; x_wconf 73' lang='lat' dir='ltr'><strong>Artis</strong></span> <span class='ocrx_word' id='word_1_18' title='bbox 2179 456 2281 517; x_wconf 86' lang='lat' dir='ltr'><strong>ob—</strong></span> 
     </span>
     <span class='ocr_line' id='line_1_4' title="bbox 505 577 2281 669; baseline -0.01 -15"><span class='ocrx_word' id='word_1_19' title='bbox 505 596 774 654; x_wconf 87' lang='lat' dir='ltr'><strong>scuretur</strong></span> <span class='ocrx_word' id='word_1_20' title='bbox 803 591 1026 652; x_wconf 83' lang='lat' dir='ltr'><strong>metalli</strong></span> <span class='ocrx_word' id='word_1_21' title='bbox 1046 588 1353 669; x_wconf 78' lang='lat' dir='ltr'><strong>splendore</strong></span> <span class='ocrx_word' id='word_1_22' title='bbox 1376 588 1588 669; x_wconf 66' lang='lat' dir='ltr'><strong>:quirin</strong></span> <span class='ocrx_word' id='word_1_23' title='bbox 1617 584 1790 666; x_wconf 70' lang='lat' dir='ltr'><strong>longe</strong></span> <span class='ocrx_word' id='word_1_24' title='bbox 1818 581 2155 666; x_wconf 78' lang='lat' dir='ltr'><strong>pretiosiora</strong></span> <span class='ocrx_word' id='word_1_25' title='bbox 2182 577 2281 639; x_wconf 67' lang='lat' dir='ltr'><strong>hie</strong></span> 
     </span>
     <span class='ocr_line' id='line_1_5' title="bbox 506 709 2281 795; baseline -0.009 -17"><span class='ocrx_word' id='word_1_26' title='bbox 506 718 664 781; x_wconf 88' lang='lat' dir='ltr'><strong>sunt,</strong></span> <span class='ocrx_word' id='word_1_27' title='bbox 693 734 826 795; x_wconf 82' lang='lat' dir='ltr'><strong>quae</strong></span> <span class='ocrx_word' id='word_1_28' title='bbox 850 716 935 793; x_wconf 65' lang='lat' dir='ltr'><strong>[ex</strong></span> <span class='ocrx_word' id='word_1_29' title='bbox 965 715 1202 793; x_wconf 85' lang='lat' dir='ltr'><strong>ingenio</strong></span> <span class='ocrx_word' id='word_1_30' title='bbox 1230 711 1547 773; x_wconf 88' lang='lat' dir='ltr'><strong>hominurn</strong></span> <span class='ocrx_word' id='word_1_31' title='bbox 1579 752 1591 778; x_wconf 84' lang='lat'>,</span> <span class='ocrx_word' id='word_1_32' title='bbox 1619 709 1803 793; x_wconf 49' lang='lat' dir='ltr'><strong>quiam</strong></span> <span class='ocrx_word' id='word_1_33' title='bbox 1843 727 1977 789; x_wconf 82' lang='lat' dir='ltr'><strong>quae</strong></span> <span class='ocrx_word' id='word_1_34' title='bbox 2008 725 2082 766; x_wconf 82' lang='lat' dir='ltr'><strong>ex</strong></span> <span class='ocrx_word' id='word_1_35' title='bbox 2113 720 2281 766; x_wconf 85' lang='lat' dir='ltr'><strong>terrae</strong></span> 
     </span>
     <span class='ocr_line' id='line_1_6' title="bbox 507 832 2283 916; baseline -0.006 -18"><span class='ocrx_word' id='word_1_36' title='bbox 507 838 712 899; x_wconf 85' lang='lat' dir='ltr'><strong>fodina</strong></span> <span class='ocrx_word' id='word_1_37' title='bbox 754 833 1128 896; x_wconf 83' lang='lat' dir='ltr'><strong>hauriuntur</strong></span> <span class='ocrx_word' id='word_1_38' title='bbox 1169 839 1180 891; x_wconf 93' lang='lat'>!</span> <span class='ocrx_word' id='word_1_39' title='bbox 1232 837 1318 897; x_wconf 85' lang='lat' dir='ltr'><strong>At</strong></span> <span class='ocrx_word' id='word_1_40' title='bbox 1361 836 1650 916; x_wconf 73' lang='lat' dir='ltr'><strong>quoniam</strong></span> <span class='ocrx_word' id='word_1_41' title='bbox 1703 832 1959 893; x_wconf 70' lang='lat' dir='ltr'><strong>Socratis</strong></span> <span class='ocrx_word' id='word_1_42' title='bbox 2001 848 2283 890; x_wconf 61' lang='lat' dir='ltr'><strong>auream-³</strong></span> 
     </span>
     <span class='ocr_line' id='line_1_7' title="bbox 511 955 2288 1040; baseline -0.008 -18"><span class='ocrx_word' id='word_1_43' title='bbox 511 963 780 1024; x_wconf 65' lang='lat' dir='ltr'><strong>{Statuam</strong></span> <span class='ocrx_word' id='word_1_44' title='bbox 817 956 1005 1019; x_wconf 89' lang='lat' dir='ltr'><strong>oculis</strong></span> <span class='ocrx_word' id='word_1_45' title='bbox 1040 958 1429 1040; x_wconf 81' lang='lat' dir='ltr'><strong>contemplari</strong></span> <span class='ocrx_word' id='word_1_46' title='bbox 1464 979 1588 1019; x_wconf 87' lang='lat' dir='ltr'><strong>non</strong></span> <span class='ocrx_word' id='word_1_47' title='bbox 1626 955 1932 1040; x_wconf 75' lang='lat' dir='ltr'><strong>postumus</strong></span> <span class='ocrx_word' id='word_1_48' title='bbox 1966 999 1979 1022; x_wconf 92' lang='lat'>‚</span> <span class='ocrx_word' id='word_1_49' title='bbox 2016 955 2143 1013; x_wconf 85' lang='lat' dir='ltr'><strong>eius</strong></span> <span class='ocrx_word' id='word_1_50' title='bbox 2184 967 2288 1010; x_wconf 86' lang='lat' dir='ltr'><strong>au-</strong></span> 
     </span>
     <span class='ocr_line' id='line_1_8' title="bbox 271 1074 2289 1146; baseline -0.003 -2"><span class='ocrx_word' id='word_1_51' title='bbox 271 1103 475 1144; x_wconf 57' lang='lat' dir='ltr'><strong>mizwt.</strong></span> <span class='ocrx_word' id='word_1_52' title='bbox 511 1105 668 1146; x_wconf 86' lang='lat' dir='ltr'><strong>ream</strong></span> <span class='ocrx_word' id='word_1_53' title='bbox 698 1081 1041 1144; x_wconf 77' lang='lat' dir='ltr'><strong>sententiam</strong></span> <span class='ocrx_word' id='word_1_54' title='bbox 1067 1099 1265 1143; x_wconf 86' lang='lat' dir='ltr'><strong>mente</strong></span> <span class='ocrx_word' id='word_1_55' title='bbox 1292 1080 1494 1142; x_wconf 79' lang='lat' dir='ltr'><strong>saltem</strong></span> <span class='ocrx_word' id='word_1_56' title='bbox 1523 1085 1864 1144; x_wconf 80' lang='lat' dir='ltr'><strong>intueamur</strong></span> <span class='ocrx_word' id='word_1_57' title='bbox 1893 1125 1905 1138; x_wconf 95' lang='lat'><strong>.</strong></span> <span class='ocrx_word' id='word_1_58' title='bbox 1932 1077 2123 1138; x_wconf 79' lang='lat' dir='ltr'><strong>aiebat</strong></span> <span class='ocrx_word' id='word_1_59' title='bbox 2145 1074 2242 1134; x_wconf 88' lang='lat' dir='ltr'><strong>ille</strong></span> <span class='ocrx_word' id='word_1_60' title='bbox 2276 1115 2289 1137; x_wconf 83' lang='lat'><strong>‚</strong></span> 
     </span>
     <span class='ocr_line' id='line_1_9' title="bbox 272 1160 2292 1287; baseline -0.004 -17"><span class='ocrx_word' id='word_1_61' title='bbox 272 1160 367 1201; x_wconf 40' lang='lat' dir='ltr'><em>Dmg&#39;</em></span> <span class='ocrx_word' id='word_1_62' title='bbox 510 1207 562 1269; x_wconf 75' lang='lat' dir='ltr'><strong>fi:</strong></span> <span class='ocrx_word' id='word_1_63' title='bbox 600 1208 800 1266; x_wconf 76' lang='lat' dir='ltr'><strong>mirari</strong></span> <span class='ocrx_word' id='word_1_64' title='bbox 830 1247 842 1273; x_wconf 86' lang='lat'>,</span> <span class='ocrx_word' id='word_1_65' title='bbox 869 1221 1051 1287; x_wconf 77' lang='lat' dir='ltr'><strong>atque</strong></span> <span class='ocrx_word' id='word_1_66' title='bbox 1079 1205 1371 1267; x_wconf 84' lang='lat' dir='ltr'><strong>misereari</strong></span> <span class='ocrx_word' id='word_1_67' title='bbox 1413 1224 1510 1263; x_wconf 92' lang='lat' dir='ltr'><strong>eos</strong></span> <span class='ocrx_word' id='word_1_68' title='bbox 1535 1248 1548 1270; x_wconf 95' lang='lat'>‚</span> <span class='ocrx_word' id='word_1_69' title='bbox 1572 1209 1681 1285; x_wconf 86' lang='lat' dir='ltr'><strong>qui</strong></span> <span class='ocrx_word' id='word_1_70' title='bbox 1707 1201 1934 1285; x_wconf 83' lang='lat' dir='ltr'><strong>lapides</strong></span> <span class='ocrx_word' id='word_1_71' title='bbox 1961 1198 2245 1281; x_wconf 83' lang='lat' dir='ltr'><strong>sculpunt</strong></span> <span class='ocrx_word' id='word_1_72' title='bbox 2276 1237 2292 1262; x_wconf 73' lang='grc'><em>,</em></span> 
     </span>
     <span class='ocr_line' id='line_1_10' title="bbox 510 1321 2292 1406; baseline -0.007 -15"><span class='ocrx_word' id='word_1_73' title='bbox 510 1330 658 1391; x_wconf 90' lang='lat' dir='ltr'><strong>dum</strong></span> <span class='ocrx_word' id='word_1_74' title='bbox 686 1331 852 1390; x_wconf 90' lang='lat' dir='ltr'><strong>omni</strong></span> <span class='ocrx_word' id='word_1_75' title='bbox 879 1345 1106 1390; x_wconf 86' lang='lat' dir='ltr'><strong>conatu</strong></span> <span class='ocrx_word' id='word_1_76' title='bbox 1124 1328 1418 1393; x_wconf 83' lang='lat' dir='ltr'><strong>insudant,</strong></span> <span class='ocrx_word' id='word_1_77' title='bbox 1435 1342 1504 1387; x_wconf 84' lang='lat' dir='ltr'><strong>Vt</strong></span> <span class='ocrx_word' id='word_1_78' title='bbox 1530 1326 1678 1406; x_wconf 81' lang='lat' dir='ltr'><strong>lapis</strong></span> <span class='ocrx_word' id='word_1_79' title='bbox 1704 1323 1939 1385; x_wconf 88' lang='lat' dir='ltr'><strong>homini</strong></span> <span class='ocrx_word' id='word_1_80' title='bbox 1961 1321 2292 1384; x_wconf 85' lang='lat' dir='ltr'><strong>fimillimus</strong></span> 
     </span>
    </p>
   </div>
   <div class='ocr_carea' id='block_1_3' title="bbox 404 1442 2303 3131">
    <p class='ocr_par' dir='ltr' id='par_1_3' title="bbox 404 1442 2303 3131">
     <span class='ocr_line' id='line_1_11' title="bbox 511 1442 2295 1532; baseline -0.006 -20"><span class='ocrx_word' id='word_1_81' title='bbox 511 1451 756 1518; x_wconf 77' lang='lat' dir='ltr'><strong>euadat,</strong></span> <span class='ocrx_word' id='word_1_82' title='bbox 790 1459 850 1513; x_wconf 84' lang='lat'>&amp;</span> <span class='ocrx_word' id='word_1_83' title='bbox 876 1451 970 1520; x_wconf 80' lang='lat' dir='ltr'><strong>fit3</strong></span> <span class='ocrx_word' id='word_1_84' title='bbox 999 1471 1210 1515; x_wconf 80' lang='lat' dir='ltr'><strong>contra</strong></span> <span class='ocrx_word' id='word_1_85' title='bbox 1242 1449 1392 1515; x_wconf 79' lang='lat' dir='ltr'><strong>vero</strong></span> <span class='ocrx_word' id='word_1_86' title='bbox 1419 1450 1761 1532; x_wconf 81' lang='lat' dir='ltr'><strong>negligunt,</strong></span> <span class='ocrx_word' id='word_1_87' title='bbox 1788 1446 1898 1530; x_wconf 85' lang='lat' dir='ltr'><strong>ipfi</strong></span> <span class='ocrx_word' id='word_1_88' title='bbox 1923 1444 1968 1506; x_wconf 88' lang='lat' dir='ltr'>fi</span> <span class='ocrx_word' id='word_1_89' title='bbox 1997 1442 2295 1527; x_wconf 79' lang='lat' dir='ltr'>lapidibus</span> 
     </span>
     <span class='ocr_line' id='line_1_12' title="bbox 512 1568 1431 1636; baseline 0.001 -3"><span class='ocrx_word' id='word_1_90' title='bbox 512 1570 789 1633; x_wconf 70' lang='lat' dir='ltr'><strong>‘simillimi</strong></span> <span class='ocrx_word' id='word_1_91' title='bbox 815 1568 924 1629; x_wconf 86' lang='lat' dir='ltr'><strong>fint</strong></span> <span class='ocrx_word' id='word_1_92' title='bbox 940 1613 952 1635; x_wconf 95' lang='lat'>,</span> <span class='ocrx_word' id='word_1_93' title='bbox 989 1581 1051 1629; x_wconf 63' lang='grc' dir='ltr'><strong>ὃς</strong></span> <span class='ocrx_word' id='word_1_94' title='bbox 1072 1575 1400 1636; x_wconf 78' lang='lat' dir='ltr'><strong>videantur</strong></span> <span class='ocrx_word' id='word_1_95' title='bbox 1419 1621 1431 1634; x_wconf 92' lang='lat'><strong>.</strong></span> 
     </span>
     <span class='ocr_line' id='line_1_13' title="bbox 599 1691 2301 1760; baseline 0.001 -8"><span class='ocrx_word' id='word_1_96' title='bbox 599 1691 719 1752; x_wconf 89' lang='lat' dir='ltr'><strong>Sed</strong></span> <span class='ocrx_word' id='word_1_97' title='bbox 748 1712 884 1752; x_wconf 90' lang='lat' dir='ltr'><strong>ecce</strong></span> <span class='ocrx_word' id='word_1_98' title='bbox 904 1694 1022 1751; x_wconf 81' lang='lat' dir='ltr'><strong>iam</strong></span> <span class='ocrx_word' id='word_1_99' title='bbox 1044 1691 1286 1758; x_wconf 77' lang='lat' dir='ltr'><strong>Rostra,</strong></span> <span class='ocrx_word' id='word_1_100' title='bbox 1304 1691 1652 1754; x_wconf 74' lang='lat' dir='ltr'><strong>statuarum</strong></span> <span class='ocrx_word' id='word_1_101' title='bbox 1668 1696 1871 1757; x_wconf 87' lang='lat' dir='ltr'><strong>locum</strong></span> <span class='ocrx_word' id='word_1_102' title='bbox 1889 1694 2267 1757; x_wconf 85' lang='lat' dir='ltr'><strong>illustriorem</strong></span> <span class='ocrx_word' id='word_1_103' title='bbox 2286 1736 2301 1760; x_wconf 90' lang='lat'>,</span> 
     </span>
     <span class='ocr_line' id='line_1_14' title="bbox 404 1811 2302 1885; baseline -0.002 -5"><span class='ocrx_word' id='word_1_104' title='bbox 404 1836 435 1872; x_wconf 70' lang='lat' dir='ltr'>A</span> <span class='ocrx_word' id='word_1_105' title='bbox 517 1814 857 1880; x_wconf 84' lang='lat' dir='ltr'><strong>conscendit</strong></span> <span class='ocrx_word' id='word_1_106' title='bbox 885 1813 976 1872; x_wconf 88' lang='lat' dir='ltr'><strong>M.</strong></span> <span class='ocrx_word' id='word_1_107' title='bbox 997 1811 1245 1871; x_wconf 85' lang='lat' dir='ltr'><strong>Tullius</strong></span> <span class='ocrx_word' id='word_1_108' title='bbox 1264 1815 1514 1880; x_wconf 83' lang='lat' dir='ltr'><strong>Cicero,</strong></span> <span class='ocrx_word' id='word_1_109' title='bbox 1542 1815 2119 1885; x_wconf 79' lang='lat' dir='ltr'><strong>nostram,nifall.or‚</strong></span> <span class='ocrx_word' id='word_1_110' title='bbox 2141 1819 2302 1879; x_wconf 85' lang='lat' dir='ltr'><strong>Aca-</strong></span> 
     </span>
     <span class='ocr_line' id='line_1_15' title="bbox 515 1933 2301 2019; baseline -0.003 -15"><span class='ocrx_word' id='word_1_111' title='bbox 515 1944 773 2005; x_wconf 80' lang='lat' dir='ltr'><strong>demiam</strong></span> <span class='ocrx_word' id='word_1_112' title='bbox 799 1933 1182 2003; x_wconf 71' lang='lat' dir='ltr'><strong>laudaturus,</strong></span> <span class='ocrx_word' id='word_1_113' title='bbox 1207 1938 1269 1994; x_wconf 70' lang='grc' dir='ltr'>ἅ</span> <span class='ocrx_word' id='word_1_114' title='bbox 1297 1954 1393 1994; x_wconf 85' lang='lat' dir='ltr'><strong>eos</strong></span> <span class='ocrx_word' id='word_1_115' title='bbox 1412 1934 1679 2017; x_wconf 74' lang='lat' dir='ltr'><strong>primurn</strong></span> <span class='ocrx_word' id='word_1_116' title='bbox 1695 1982 1708 2005; x_wconf 96' lang='lat'>,</span> <span class='ocrx_word' id='word_1_117' title='bbox 1724 1941 1831 2019; x_wconf 87' lang='lat' dir='ltr'><strong>qui</strong></span> <span class='ocrx_word' id='word_1_118' title='bbox 1847 1980 1859 2005; x_wconf 83' lang='lat'>‚</span> <span class='ocrx_word' id='word_1_119' title='bbox 1875 1941 2159 2019; x_wconf 70' lang='lat' dir='ltr'><strong>preteritis</strong></span> <span class='ocrx_word' id='word_1_120' title='bbox 2180 1938 2301 1999; x_wconf 86' lang='lat' dir='ltr'><strong>die—</strong></span> 
     </span>
     <span class='ocr_line' id='line_1_16' title="bbox 514 2056 2303 2143; baseline -0.003 -17"><span class='ocrx_word' id='word_1_121' title='bbox 514 2066 625 2128; x_wconf 86' lang='lat' dir='ltr'><strong>bus</strong></span> <span class='ocrx_word' id='word_1_122' title='bbox 643 2109 655 2131; x_wconf 89' lang='lat'>,</span> <span class='ocrx_word' id='word_1_123' title='bbox 679 2064 807 2123; x_wconf 89' lang='lat' dir='ltr'><strong>eius</strong></span> <span class='ocrx_word' id='word_1_124' title='bbox 835 2056 1077 2121; x_wconf 85' lang='lat' dir='ltr'><strong>dicendi</strong></span> <span class='ocrx_word' id='word_1_125' title='bbox 1105 2073 1320 2124; x_wconf 82' lang='lat' dir='ltr'><strong>artem,</strong></span> <span class='ocrx_word' id='word_1_126' title='bbox 1337 2062 1397 2119; x_wconf 82' lang='lat'>&amp;</span> <span class='ocrx_word' id='word_1_127' title='bbox 1414 2077 1708 2143; x_wconf 82' lang='lat' dir='ltr'><strong>praecepta</strong></span> <span class='ocrx_word' id='word_1_128' title='bbox 1734 2060 2152 2142; x_wconf 73' lang='lat' dir='ltr'><strong>secuti,eiusq·,</strong></span> <span class='ocrx_word' id='word_1_129' title='bbox 2186 2063 2303 2121; x_wconf 91' lang='lat' dir='ltr'><strong>elo-</strong></span> 
     </span>
     <span class='ocr_line' id='line_1_17' title="bbox 518 2179 2300 2272; baseline -0.002 -23"><span class='ocrx_word' id='word_1_130' title='bbox 518 2188 833 2272; x_wconf 80' lang='lat' dir='ltr'><strong>quentiam</strong></span> <span class='ocrx_word' id='word_1_131' title='bbox 863 2182 1108 2244; x_wconf 73' lang='lat' dir='ltr'><strong>assecuti</strong></span> <span class='ocrx_word' id='word_1_132' title='bbox 1132 2225 1145 2248; x_wconf 92' lang='lat'>‚</span> <span class='ocrx_word' id='word_1_133' title='bbox 1170 2179 1462 2262; x_wconf 79' lang='lat' dir='ltr'><strong>Principis</strong></span> <span class='ocrx_word' id='word_1_134' title='bbox 1478 2182 1655 2245; x_wconf 87' lang='lat' dir='ltr'><strong>nostri</strong></span> <span class='ocrx_word' id='word_1_135' title='bbox 1686 2189 1748 2245; x_wconf 90' lang='lat' dir='ltr'><strong>in</strong></span> <span class='ocrx_word' id='word_1_136' title='bbox 1778 2184 2080 2253; x_wconf 85' lang='lat' dir='ltr'><strong>Aedibus,</strong></span> <span class='ocrx_word' id='word_1_137' title='bbox 2100 2206 2300 2246; x_wconf 75' lang='lat' dir='ltr'><strong>coram</strong></span> 
     </span>
     <span class='ocr_line' id='line_1_18' title="bbox 521 2304 2302 2393; baseline -0.001 -21"><span class='ocrx_word' id='word_1_138' title='bbox 521 2307 881 2393; x_wconf 62' lang='lat' dir='ltr'><strong>amplissimis</strong></span> <span class='ocrx_word' id='word_1_139' title='bbox 900 2307 1243 2389; x_wconf 79' lang='lat' dir='ltr'><strong>purpuratis</strong></span> <span class='ocrx_word' id='word_1_140' title='bbox 1260 2304 1653 2389; x_wconf 86' lang='lat' dir='ltr'><strong>Principibus,</strong></span> <span class='ocrx_word' id='word_1_141' title='bbox 1668 2317 1729 2371; x_wconf 63' lang='grc' dir='ltr'><strong>ὃς</strong></span> <span class='ocrx_word' id='word_1_142' title='bbox 1744 2307 2151 2372; x_wconf 77' lang='lat' dir='ltr'><strong>litteratiffimo</strong></span> <span class='ocrx_word' id='word_1_143' title='bbox 2163 2327 2302 2387; x_wconf 66' lang='lat' dir='ltr'><strong>cetu</strong></span> 
     </span>
     <span class='ocr_line' id='line_1_19' title="bbox 523 2429 2302 2502; baseline 0 -6"><span class='ocrx_word' id='word_1_144' title='bbox 523 2434 706 2497; x_wconf 81' lang='lat' dir='ltr'><strong>verba</strong></span> <span class='ocrx_word' id='word_1_145' title='bbox 722 2432 989 2493; x_wconf 84' lang='lat' dir='ltr'><strong>fecerunt</strong></span> <span class='ocrx_word' id='word_1_146' title='bbox 1003 2456 1016 2500; x_wconf 83' lang='lat'><em>3</em></span> <span class='ocrx_word' id='word_1_147' title='bbox 1042 2429 1506 2498; x_wconf 79' lang='lat' dir='ltr'><strong>Bracciolinum,</strong></span> <span class='ocrx_word' id='word_1_148' title='bbox 1521 2430 1900 2495; x_wconf 83' lang='lat' dir='ltr'><strong>Holstenium</strong></span> <span class='ocrx_word' id='word_1_149' title='bbox 1916 2479 1929 2502; x_wconf 93' lang='lat'>‚</span> <span class='ocrx_word' id='word_1_150' title='bbox 1948 2430 2302 2496; x_wconf 58' lang='lat' dir='ltr'><strong>Guidiccio‘-</strong></span> 
     </span>
     <span class='ocr_line' id='line_1_20' title="bbox 527 2551 2303 2636; baseline 0.003 -19"><span class='ocrx_word' id='word_1_151' title='bbox 527 2561 696 2617; x_wconf 84' lang='lat' dir='ltr'><strong>nium</strong></span> <span class='ocrx_word' id='word_1_152' title='bbox 713 2605 725 2616; x_wconf 91' lang='lat'>.</span> <span class='ocrx_word' id='word_1_153' title='bbox 759 2555 1116 2616; x_wconf 78' lang='lat' dir='ltr'><strong>Admiratus</strong></span> <span class='ocrx_word' id='word_1_154' title='bbox 1141 2551 1226 2613; x_wconf 92' lang='lat' dir='ltr'><strong>est</strong></span> <span class='ocrx_word' id='word_1_155' title='bbox 1250 2556 1313 2614; x_wconf 91' lang='lat' dir='ltr'><strong>in</strong></span> <span class='ocrx_word' id='word_1_156' title='bbox 1329 2558 1529 2636; x_wconf 89' lang='lat' dir='ltr'><strong>primis</strong></span> <span class='ocrx_word' id='word_1_157' title='bbox 1553 2556 1816 2619; x_wconf 86' lang='lat' dir='ltr'><strong>summus</strong></span> <span class='ocrx_word' id='word_1_158' title='bbox 1843 2558 1938 2619; x_wconf 90' lang='lat' dir='ltr'><strong>ille</strong></span> <span class='ocrx_word' id='word_1_159' title='bbox 1961 2556 2210 2626; x_wconf 81' lang='lat' dir='ltr'><strong>Orator,</strong></span> <span class='ocrx_word' id='word_1_160' title='bbox 2240 2565 2303 2622; x_wconf 88' lang='lat'>&amp;</span> 
     </span>
     <span class='ocr_line' id='line_1_21' title="bbox 530 2658 2303 2765; baseline 0.001 -26"><span class='ocrx_word' id='word_1_161' title='bbox 530 2677 924 2761; x_wconf 86' lang='lat' dir='ltr'><strong>Philosophus</strong></span> <span class='ocrx_word' id='word_1_162' title='bbox 958 2658 1255 2741; x_wconf 81' lang='lat' dir='ltr'><strong>dicentem</strong></span> <span class='ocrx_word' id='word_1_163' title='bbox 1293 2678 1733 2744; x_wconf 80' lang='lat' dir='ltr'><strong>Bracciolinum</strong></span> <span class='ocrx_word' id='word_1_164' title='bbox 1754 2706 1768 2751; x_wconf 82' lang='lat'><em>3</em></span> <span class='ocrx_word' id='word_1_165' title='bbox 1805 2683 1912 2765; x_wconf 89' lang='lat' dir='ltr'><strong>qui</strong></span> <span class='ocrx_word' id='word_1_166' title='bbox 1954 2677 2303 2742; x_wconf 75' lang='lat' dir='ltr'><strong>iucundissi-</strong></span> 
     </span>
     <span class='ocr_line' id='line_1_22' title="bbox 532 2799 2302 2884; baseline 0.002 -19"><span class='ocrx_word' id='word_1_167' title='bbox 532 2824 720 2871; x_wconf 81' lang='lat' dir='ltr'>mam,</span> <span class='ocrx_word' id='word_1_168' title='bbox 738 2823 845 2884; x_wconf 69' lang='lat' dir='ltr'><strong>pre</strong></span> <span class='ocrx_word' id='word_1_169' title='bbox 865 2805 1083 2864; x_wconf 83' lang='lat' dir='ltr'><strong>caeteris</strong></span> <span class='ocrx_word' id='word_1_170' title='bbox 1113 2799 1434 2864; x_wconf 85' lang='lat' dir='ltr'><strong>hominum</strong></span> <span class='ocrx_word' id='word_1_171' title='bbox 1461 2805 1721 2867; x_wconf 78' lang='lat' dir='ltr'><strong>aetatibus</strong></span> <span class='ocrx_word' id='word_1_172' title='bbox 1746 2848 1759 2875; x_wconf 87' lang='lat'>‚</span> <span class='ocrx_word' id='word_1_173' title='bbox 1788 2804 2161 2868; x_wconf 63' lang='lat' dir='ltr'><strong>Senectutem</strong></span> <span class='ocrx_word' id='word_1_174' title='bbox 2190 2803 2302 2868; x_wconf 83' lang='lat' dir='ltr'><strong>effe</strong></span> 
     </span>
     <span class='ocr_line' id='line_1_23' title="bbox 536 2925 2300 3010; baseline 0.001 -22"><span class='ocrx_word' id='word_1_175' title='bbox 536 2927 968 2988; x_wconf 83' lang='lat' dir='ltr'><strong>demonstrauit</strong></span> <span class='ocrx_word' id='word_1_176' title='bbox 984 2950 996 2994; x_wconf 82' lang='lat'><em>3</em></span> <span class='ocrx_word' id='word_1_177' title='bbox 1015 2926 1089 2987; x_wconf 88' lang='lat' dir='ltr'><strong>de</strong></span> <span class='ocrx_word' id='word_1_178' title='bbox 1112 2946 1234 3007; x_wconf 83' lang='lat' dir='ltr'><strong>qua</strong></span> <span class='ocrx_word' id='word_1_179' title='bbox 1252 2927 1396 2988; x_wconf 88' lang='lat' dir='ltr'><strong>olim</strong></span> <span class='ocrx_word' id='word_1_180' title='bbox 1415 2925 1558 3010; x_wconf 76' lang='lat' dir='ltr'><strong>ipse,</strong></span> <span class='ocrx_word' id='word_1_181' title='bbox 1572 2947 1639 2992; x_wconf 82' lang='lat' dir='ltr'><strong>vt</strong></span> <span class='ocrx_word' id='word_1_182' title='bbox 1654 2927 1900 2997; x_wconf 73' lang='lat' dir='ltr'><strong>facilius,</strong></span> <span class='ocrx_word' id='word_1_183' title='bbox 1916 2935 1977 2990; x_wconf 84' lang='lat'>&amp;</span> <span class='ocrx_word' id='word_1_184' title='bbox 1997 2927 2300 2992; x_wconf 79' lang='lat' dir='ltr'><strong>honestius</strong></span> 
     </span>
     <span class='ocr_line' id='line_1_24' title="bbox 538 3047 2302 3131; baseline 0.003 -20"><span class='ocrx_word' id='word_1_185' title='bbox 538 3072 666 3111; x_wconf 80' lang='lat' dir='ltr'><strong>eam</strong></span> <span class='ocrx_word' id='word_1_186' title='bbox 688 3049 998 3109; x_wconf 80' lang='lat' dir='ltr'><strong>traducere</strong></span> <span class='ocrx_word' id='word_1_187' title='bbox 1018 3047 1243 3129; x_wconf 74' lang='lat' dir='ltr'><strong>possent</strong></span> <span class='ocrx_word' id='word_1_188' title='bbox 1259 3050 1581 3131; x_wconf 86' lang='lat' dir='ltr'><strong>prudentes</strong></span> <span class='ocrx_word' id='word_1_189' title='bbox 1600 3051 1757 3120; x_wconf 87' lang='lat' dir='ltr'><strong>Viri,</strong></span> <span class='ocrx_word' id='word_1_190' title='bbox 1773 3052 1961 3113; x_wconf 79' lang='lat' dir='ltr'><strong>multa</strong></span> <span class='ocrx_word' id='word_1_191' title='bbox 1977 3053 2302 3118; x_wconf 82' lang='lat' dir='ltr'><strong>tradiderat</strong></span> 
     </span>
    </p>
   </div>
   <div class='ocr_carea' id='block_1_4' title="bbox 538 3171 2302 3244">
    <p class='ocr_par' dir='ltr' id='par_1_4' title="bbox 538 3171 2302 3244">
     <span class='ocr_line' id='line_1_25' title="bbox 538 3171 2302 3244; baseline 0.003 -10"><span class='ocrx_word' id='word_1_192' title='bbox 538 3173 919 3240; x_wconf 58' lang='lat' dir='ltr'><strong>documenta,</strong></span> <span class='ocrx_word' id='word_1_193' title='bbox 939 3194 1101 3233; x_wconf 87' lang='lat' dir='ltr'><strong>nunc</strong></span> <span class='ocrx_word' id='word_1_194' title='bbox 1118 3171 1282 3242; x_wconf 81' lang='lat' dir='ltr'><strong>vero,</strong></span> <span class='ocrx_word' id='word_1_195' title='bbox 1301 3172 1674 3238; x_wconf 83' lang='lat' dir='ltr'><strong>Bracciolino</strong></span> <span class='ocrx_word' id='word_1_196' title='bbox 1691 3174 2109 3244; x_wconf 76' lang='lat' dir='ltr'><strong>suadente,non</strong></span> <span class='ocrx_word' id='word_1_197' title='bbox 2123 3178 2302 3239; x_wconf 75' lang='lat' dir='ltr'><strong>modo</strong></span> 
     </span>
    </p>
   </div>
   <div class='ocr_carea' id='block_1_5' title="bbox 2095 3322 2216 3363">
    <p class='ocr_par' dir='ltr' id='par_1_5' title="bbox 2095 3322 2216 3363">
     <span class='ocr_line' id='line_1_26' title="bbox 2095 3322 2216 3363; baseline 0.008 -2"><span class='ocrx_word' id='word_1_198' title='bbox 2095 3322 2216 3363; x_wconf 81' lang='lat' dir='ltr'><strong>nOn</strong></span> 
     </span>
    </p>
   </div>
  </div>
 </body>
</html>
