2492 3741
579 268 672 335 ¹4

474 350 757 416 Mediam
785 351 1095 415 Porticum
1121 347 1278 411 Fons
1308 360 1570 429 occupat
1592 343 1684 411 {in
1711 360 1838 425 quo
1867 337 1969 400 801
1996 383 2010 408 ,
2028 355 2253 423 quam-2

477 481 657 541 traxit
683 497 981 563 aquarum
998 477 1238 556 copiam
1253 518 1266 541 ‚
1291 470 1351 531 in
1367 465 1779 534 tenuiffimum
1797 467 1992 529 veluti
2007 465 2255 528 velum,

479 602 658 667 soluit
688 648 703 672 ‚
739 619 919 687 atque
942 601 1202 682 explicat
1227 643 1242 667 ,
1278 593 1511 677 seseque
1538 590 1893 657 obumbrat.
1923 589 2093 652 hunc
2122 589 2254 651 infi-

482 733 609 814 gnis
627 728 780 810 Apis
797 725 1202 789 circumuolat
1218 769 1231 792 ,
1260 740 1495 806 aquam,
1510 737 1699 800 quarn
1713 718 1877 786 bibit,
1901 711 2257 778 mellifluam

483 850 819 916 refundens,
841 848 1113 911 Aedium
1140 848 1396 912 Domini
1411 864 1552 926 opes
1579 843 1875 924 largientis
1900 852 2099 921 imago
2113 861 2127 907 3
2143 844 2261 922 atq,

486 977 609 1040 vnb.
636 971 978 1056 fiphunculi
1008 973 1254 1034 miscent
1279 966 1783 1032 iucundissimum
1817 985 2101 1028 murmur
2131 1012 2141 1023 .
2188 962 2262 1023 ln

487 1100 644 1162 laeuo
668 1096 938 1158 Porticus
968 1116 1162 1158 cornu
1179 1140 1193 1164 ,
1216 1093 1521 1157 cochlides
1556 1092 1808 1176 lapideis
1831 1091 2129 1154 columnis
2147 1083 2264 1148 suf-

487 1222 666 1288 fultae,
695 1225 755 1281 in
773 1218 1038 1287 dextero,
1058 1220 1372 1302 ampliores
1390 1218 1569 1287 scalae,
1586 1240 1660 1280 ex
1679 1218 1989 1302 impluuio
2008 1211 2264 1298 quadra-

486 1363 548 1408 to
568 1389 581 1411 ‚
610 1343 960 1403 marmoreis
988 1346 1210 1421 pariter
1234 1343 1533 1403 columnis
1558 1343 1859 1410 extructo,
1889 1343 2094 1404 lumen
2120 1338 2268 1398 reci-

489 1472 695 1553 piunt,
723 1463 1020 1543 aditumq,
1045 1466 1105 1523 in
1121 1460 1489 1543 superiorem
1522 1462 1799 1523 Domum
1830 1464 2113 1545 praebent.
2145 1460 2274 1521 Ra-

491 1594 670 1674 piunt
684 1586 1038 1649 adeuntium
1058 1585 1264 1647 oculos
1281 1589 1529 1670 antiqua
1541 1582 1919 1651 simulachra
1932 1585 2271 1652 hominum,

493 1719 555 1777 &
579 1713 836 1777 serarum
852 1734 864 1780 3
882 1709 1198 1793 praesertim
1216 1713 1404 1774 toruis
1439 1712 1632 1774 oculis
1662 1711 1876 1773 nobilis
1900 1711 2031 1775 Leo
2055 1757 2070 1781 ,
2096 1715 2274 1773 cuius

488 1838 638 1900 colla
657 1843 904 1916 armosq,
920 1836 1207 1911 generos-ee
1234 1836 1500 1901 vestiunt
1521 1836 1698 1905 iubae3
1713 1836 1823 1920 qui
1850 1834 2001 1897 dum
2022 1852 2155 1897 ante
2170 1855 2275 1896 ve-

495 1960 692 2022 stibuli
719 1961 899 2021 limen
916 1957 1195 2025 excubat,
1211 1979 1324 2018 nec
1344 1956 1653 2021 Palaestino
1669 1961 1756 2021 illi
1772 1960 1846 2021 de
1865 1960 2048 2042 gloria
2068 1979 2279 2021 conce-

493 2083 630 2147 dere
643 2105 683 2146 v
694 2082 893 2144 idetur
908 2129 920 2153 ,
933 2083 1009 2145 de
1023 2101 1150 2164 quo
1165 2080 1445 2161 egressam
1459 2079 1846 2146 dulcedinem
1858 2082 1892 2144 e*
1915 2085 2107 2146 Sacris
2128 2083 2276 2145 litte-

495 2209 573 2268 ris
594 2205 1124 2286 accepimushunc
1137 2222 1336 2266 tamen
1357 2225 1760 2267 marmoreum
1775 2207 2222 2272 Excubitorem,
2235 2200 2281 2264 fi

498 2326 811 2413 quisquam
827 2328 1174 2410 imprudens
1203 2327 1649 2412 contempserit,
1666 2352 1786 2392 non
1806 2334 1886 2392 ita
1905 2330 2076 2411 longe
2095 2330 2279 2396 Viuit,
2354 2343 2361 2356 ’·

498 2474 564 2513 ac
585 2457 743 2533 rugit
757 2451 1110 2532 impauidus
1130 2450 1323 2522 Alter,
1336 2473 1411 2513 ex
1427 2451 1680 2536 Lybicis
1703 2457 1817 2515 oris
1833 2452 1953 2515 huc
1969 2474 2167 2537 nuper
2180 2450 2282 2514 ad-

499 2575 723 2642 uectus,
739 2596 945 2656 vngue
963 2581 1025 2638 &
1047 2574 1228 2638 dente
1244 2595 1523 2647 armatus,
1541 2576 1700 2640 ferus
1715 2577 1940 2648 infesto,
1959 2577 2129 2643 haud
2145 2576 2280 2660 sup-

503 2698 650 2781 plici
681 2742 695 2765 ,
724 2701 959 2760 iniuriae
1002 2721 1228 2764 memor
1256 2708 1319 2765 &
1348 2701 1578 2767 vindex
1596 2734 1611 2780 3
1643 2725 1764 2765 non
1797 2701 2054 2766 obscuro
2091 2702 2281 2766 docu-

502 2836 719 2888 mento,
731 2821 814 2881 Ex
821 2821 1140 2905 petendam
1158 2825 1387 2910 semper
1408 2826 1704 2911 Principis
1719 2829 2116 2897 clementiam,
2128 2828 2280 2889 Ani-

507 2964 677 3003 mum
704 2941 870 3005 haud
898 2945 1114 3009 temere
1130 2950 1501 3013 »irritandum
1518 2999 1531 3012 .
1577 2951 1695 3015 Sed
1717 2958 1835 3016 iarn
1860 2953 2113 3034 regalem
2147 2953 2279 3014 Au-

505 3067 625 3128 lam
656 3069 1245 3146 ingredimur,cuius
1280 3074 1705 3157 amplissimum
1735 3076 2278 3147 fornicem,Petrus

506 3187 1469 3265 Berrettinus,Cortonenfis‚rarae
1500 3199 1820 3283 probitatis
1849 3199 1987 3270 Vir,
2004 3200 2278 3265 &Pinu-

2115 3344 2194 3386 1⁸ae
