2492 3741
617 269 638 315 1
709 271 753 314 Ο

494 266 915 437 periti3ssimurn
936 350 1026 424 ,ὃς
1058 340 1352 421 Principis
1377 335 1561 403 nostri
1589 333 1968 401 familiarem,
2003 330 2112 416 qui
2140 329 2278 392 Ma-

496 496 622 557 gnae
666 473 906 535 Domus
948 466 1144 530 causas
1190 461 1420 546 egregie
1449 463 1672 528 noscit,
1724 466 1785 523 ἀ
1813 475 2055 520 tuetur.
2103 453 2278 516 Huic

498 596 868 679 obfignaturn
912 594 1085 675 super
1118 588 1377 651 'abacum
1420 587 1697 668 relinquo
1735 583 1996 645 indicem
2040 580 2279 641 Iurium

498 720 807 783 Libellum
857 763 870 787 ,
927 713 1109 780 iuffus
1166 714 1242 778 ab
1291 711 1501 776 eodem
1560 706 1808 774 crastina
1863 707 1962 771 die
2020 705 2284 788 reposce-

499 865 560 904 re
600 890 612 901 .
673 842 850 904 redeo
885 886 898 908 ,
949 856 1129 920 atque
1171 882 1184 904 ,
1223 836 1299 897 ob
1348 838 1642 916 ingentem
1686 833 1999 894 clientium
2036 850 2286 891 concur-

499 964 626 1028 sum
656 1010 668 1033 ,
694 964 765 1025 ab
798 958 1139 1045 Anagnoste
1164 961 1384 1044 pariter
1411 956 1780 1040 obfignatum
1805 958 2043 1040 accipio
2067 979 2079 1023 3
2103 975 2287 1038 quem

498 1112 642 1154 mox
670 1089 981 1167 tabellarijs
1008 1085 1255 1146 daturus
1279 1081 1356 1144 ad
1386 1081 1812 1165 Battaglinium
1837 1128 1850 1152 ‚
1874 1080 2024 1143 forte
2052 1078 2290 1140 fortuna

500 1214 931 1295 complicatum
963 1209 1314 1272 fasciculum
1346 1206 1586 1288 explico
1615 1232 1629 1274 3
1663 1207 1955 1291 obstupeo
1983 1251 1997 1274 ,
2046 1212 2107 1267 &
2135 1201 2290 1264 dela-

503 1353 632 1398 tum
678 1336 712 1397 {1
752 1359 847 1396 me
891 1333 1304 1418 imprudenter
1339 1371 1351 1396 ,
1391 1330 1526 1389 loco
1563 1328 1999 1409 responsorum,
2028 1331 2293 1391 Carmen

506 1457 727 1539 aspicio
747 1504 760 1525 ,
791 1460 1045 1542 ideoque
1076 1458 1148 1519 ab
1176 1451 1577 1518 amoenissimo
1598 1497 1611 1520 ‚
1647 1459 1707 1515 ὅ(
1739 1450 2165 1514 consultissimo
2191 1449 2297 1512 ho-

511 1585 688 1644 minis
732 1582 969 1660 ingeni-o
1004 1598 1243 1637 car-men
1295 1600 1407 1657 pro
1444 1584 1710 1638 carmine
1762 1576 2071 1640 redditum
2109 1600 2124 1645 ·,
2171 1594 2298 1659 quo

511 1729 605 1769 me
642 1705 735 1763 isse
765 1700 1166 1763 inconsultum
1187 1716 1394 1781 ,atque
1423 1699 1794 1761 incuriosum
1826 1699 2186 1783 optatissime}
2212 1701 2302 1762 lu-

512 1827 683 1892 serat:
703 1827 911 1887 rubere
932 1821 1145 1905 primo,
1163 1842 1304 1879 mox
1330 1822 1938 1888 admirari,astraeiu1n
1968 1823 2301 1886 Parnaffide

513 1959 686 2021 lauro
711 1950 987 2015 vinetum
1022 1964 1210 2028 caput
1244 1950 1305 2006 in
1350 1945 1694 2008 Parnassum
1730 1951 2039 2013 transferre
2071 1955 2295 2016 forum,

513 2076 808 2144 subsellia,
833 2072 1017 2136 rostra
1047 2120 1059 2132 .
1103 2068 1273 2131 Hinc
1302 2068 1550 2132 demum
1576 2071 1864 2135 audacior
1892 2073 2077 2137 sacius
2101 2120 2115 2144 ,
2150 2077 2302 2137 luris

515 2199 993 2287 sapientissimos,
1019 2195 1283 2260 eiusdem
1325 2194 1616 2278 Principis
1652 2198 1687 2259 ὁ.
1724 2196 1940 2260 Caufis
1973 2240 1987 2267 ,
2029 2198 2303 2263 Praesules

519 2329 843 2390 Mancinos
874 2370 887 2392 ,
935 2321 1206 2384 Donatos
1236 2365 1250 2389 ,
1290 2317 1369 2380 ad
1405 2317 1594 2382 astum
1638 2339 1808 2384 vtens
1851 2326 2087 2384 incuria
2112 2368 2125 2393 ‚
2154 2323 2302 2387 Mu-

521 2453 713 2513 sarum
737 2452 799 2511 in
830 2448 1088 2511 Curiam
1118 2465 1341 2510 vocare
1367 2488 1381 2512 ‚
1413 2443 1572 2506 diem
1614 2444 1810 2508 dicere
1835 2490 1848 2515 ‚
1899 2451 1961 2508 &
2000 2450 2306 2514 carmine„-

525 2574 603 2637 ad
653 2575 916 2635 carmina
960 2590 1293 2653 prouocare
1331 2566 1481 2631 mihi
1523 2590 1829 2653 propono:
1862 2569 1926 2632 id
1967 2569 2010 2630 fi
2058 2569 2308 2637 feliciter

529 2698 829 2765 eucnerir,
858 2694 1000 2757 aldiis
1024 2711 1227 2758 tecum
1252 2693 1741 2779 communicabo,
1783 2692 1978 2758 Nunc
2002 2694 2305 2762 Ferentilli

534 2820 758 2884 Versus
784 2828 990 2906 accipe
1009 2866 1023 2881 .

1945 3313 2228 3379 Eiusdem
