<?xml version="1.0" encoding="UTF-8"?>
<!DOCTYPE html PUBLIC "-//W3C//DTD XHTML 1.0 Transitional//EN"
    "http://www.w3.org/TR/xhtml1/DTD/xhtml1-transitional.dtd">
<html xmlns="http://www.w3.org/1999/xhtml" xml:lang="en" lang="en">
 <head>
  <title>
</title>
<meta http-equiv="Content-Type" content="text/html;charset=utf-8" />
  <meta name='ocr-system' content='tesseract 3.04.00' />
  <meta name='ocr-capabilities' content='ocr_page ocr_carea ocr_par ocr_line ocrx_word'/>
</head>
<body>
  <div class='ocr_page' id='page_1' title='image "aedesbarberinaea00teti_0223.png"; bbox 0 0 2492 3741; ppageno 0'>
   <div class='ocr_carea' id='block_1_1' title="bbox 1716 170 1851 273">
    <p class='ocr_par' dir='ltr' id='par_1_1' title="bbox 1716 170 1851 273">
     <span class='ocr_line' id='line_1_1' title="bbox 1716 170 1851 273; baseline 0.03 -30"><span class='ocrx_word' id='word_1_1' title='bbox 1716 170 1851 273; x_wconf 78' lang='lat'><strong>183</strong></span> 
     </span>
    </p>
   </div>
   <div class='ocr_carea' id='block_1_2' title="bbox 156 254 1966 3203">
    <p class='ocr_par' dir='ltr' id='par_1_2' title="bbox 191 254 1966 1348">
     <span class='ocr_line' id='line_1_2' title="bbox 203 254 1966 354; baseline 0.015 -38"><span class='ocrx_word' id='word_1_2' title='bbox 203 254 443 320; x_wconf 82' lang='lat' dir='ltr'><strong>feritatis</strong></span> <span class='ocrx_word' id='word_1_3' title='bbox 458 258 677 341; x_wconf 82' lang='lat' dir='ltr'><strong>spolia,</strong></span> <span class='ocrx_word' id='word_1_4' title='bbox 704 258 801 324; x_wconf 86' lang='lat' dir='ltr'><strong>sed</strong></span> <span class='ocrx_word' id='word_1_5' title='bbox 825 262 1005 346; x_wconf 83' lang='lat' dir='ltr'><strong>ipfius</strong></span> <span class='ocrx_word' id='word_1_6' title='bbox 1033 264 1271 330; x_wconf 75' lang='lat' dir='ltr'><strong>feritatis</strong></span> <span class='ocrx_word' id='word_1_7' title='bbox 1299 290 1489 339; x_wconf 80' lang='lat' dir='ltr'><strong>arma,</strong></span> <span class='ocrx_word' id='word_1_8' title='bbox 1513 275 1733 354; x_wconf 84' lang='lat' dir='ltr'><strong>quibus</strong></span> <span class='ocrx_word' id='word_1_9' title='bbox 1762 279 1859 340; x_wconf 82' lang='lat' dir='ltr'><strong>ille</strong></span> <span class='ocrx_word' id='word_1_10' title='bbox 1887 279 1966 343; x_wconf 79' lang='lat' dir='ltr'><strong>fa-</strong></span> 
     </span>
     <span class='ocr_line' id='line_1_3' title="bbox 202 380 1965 476; baseline 0.012 -34"><span class='ocrx_word' id='word_1_11' title='bbox 202 380 314 442; x_wconf 73' lang='lat' dir='ltr'><strong>cile</strong></span> <span class='ocrx_word' id='word_1_12' title='bbox 334 427 347 448; x_wconf 95' lang='lat'>,</span> <span class='ocrx_word' id='word_1_13' title='bbox 365 383 506 445; x_wconf 75' lang='lat' dir='ltr'><strong>cum</strong></span> <span class='ocrx_word' id='word_1_14' title='bbox 534 405 687 466; x_wconf 86' lang='lat' dir='ltr'><strong>opus</strong></span> <span class='ocrx_word' id='word_1_15' title='bbox 713 383 806 453; x_wconf 88' lang='lat' dir='ltr'><strong>fit,</strong></span> <span class='ocrx_word' id='word_1_16' title='bbox 824 385 931 448; x_wconf 70' lang='lat' dir='ltr'><strong>sese</strong></span> <span class='ocrx_word' id='word_1_17' title='bbox 958 387 1285 453; x_wconf 89' lang='lat' dir='ltr'><strong>obuoluere</strong></span> <span class='ocrx_word' id='word_1_18' title='bbox 1310 412 1622 476; x_wconf 86' lang='lat' dir='ltr'><strong>promptus</strong></span> <span class='ocrx_word' id='word_1_19' title='bbox 1642 400 1864 469; x_wconf 83' lang='lat' dir='ltr'><strong>valeat,</strong></span> <span class='ocrx_word' id='word_1_20' title='bbox 1887 403 1965 465; x_wconf 86' lang='lat' dir='ltr'><strong>ad</strong></span> 
     </span>
     <span class='ocr_line' id='line_1_4' title="bbox 200 499 1963 606; baseline 0.012 -42"><span class='ocrx_word' id='word_1_21' title='bbox 200 499 489 569; x_wconf 82' lang='lat' dir='ltr'><strong>feritatem</strong></span> <span class='ocrx_word' id='word_1_22' title='bbox 521 557 531 571; x_wconf 93' lang='lat'><strong>.</strong></span> <span class='ocrx_word' id='word_1_23' title='bbox 577 510 705 570; x_wconf 82' lang='lat' dir='ltr'><strong>Iam</strong></span> <span class='ocrx_word' id='word_1_24' title='bbox 733 513 1011 574; x_wconf 88' lang='lat' dir='ltr'><strong>mentitus</strong></span> <span class='ocrx_word' id='word_1_25' title='bbox 1047 512 1264 582; x_wconf 91' lang='lat' dir='ltr'><strong>homo,</strong></span> <span class='ocrx_word' id='word_1_26' title='bbox 1291 514 1646 600; x_wconf 64' lang='lat' dir='ltr'><strong>detedhque</strong></span> <span class='ocrx_word' id='word_1_27' title='bbox 1681 519 1838 583; x_wconf 83' lang='lat' dir='ltr'><strong>fraus</strong></span> <span class='ocrx_word' id='word_1_28' title='bbox 1864 546 1963 606; x_wconf 82' lang='lat' dir='ltr'><strong>ap-</strong></span> 
     </span>
     <span class='ocr_line' id='line_1_5' title="bbox 198 633 1963 720; baseline 0.011 -32"><span class='ocrx_word' id='word_1_29' title='bbox 198 647 363 710; x_wconf 84' lang='lat' dir='ltr'><strong>paret</strong></span> <span class='ocrx_word' id='word_1_30' title='bbox 378 655 389 698; x_wconf 80' lang='lat'>3</span> <span class='ocrx_word' id='word_1_31' title='bbox 404 635 537 700; x_wconf 82' lang='lat' dir='ltr'><strong>iam,</strong></span> <span class='ocrx_word' id='word_1_32' title='bbox 554 633 721 717; x_wconf 83' lang='lat' dir='ltr'><strong>quod</strong></span> <span class='ocrx_word' id='word_1_33' title='bbox 741 634 1090 720; x_wconf 78' lang='lat' dir='ltr'>Antiquitas</span> <span class='ocrx_word' id='word_1_34' title='bbox 1105 638 1292 706; x_wconf 85' lang='lat' dir='ltr'><strong>finxit,</strong></span> <span class='ocrx_word' id='word_1_35' title='bbox 1311 638 1530 719; x_wconf 83' lang='lat' dir='ltr'><strong>agreste</strong></span> <span class='ocrx_word' id='word_1_36' title='bbox 1546 642 1963 715; x_wconf 69' lang='lat' dir='ltr'><strong>Seminumem</strong></span> 
     </span>
     <span class='ocr_line' id='line_1_6' title="bbox 193 755 1960 847; baseline 0.011 -34"><span class='ocrx_word' id='word_1_37' title='bbox 193 755 643 840; x_wconf 79' lang='lat' dir='ltr'><strong>appellauitque</strong></span> <span class='ocrx_word' id='word_1_38' title='bbox 690 757 968 822; x_wconf 81' lang='lat' dir='ltr'>Faunum</span> <span class='ocrx_word' id='word_1_39' title='bbox 994 805 1008 828; x_wconf 93' lang='lat'><strong>,</strong></span> <span class='ocrx_word' id='word_1_40' title='bbox 1040 760 1358 830; x_wconf 82' lang='lat' dir='ltr'><strong>habemus,</strong></span> <span class='ocrx_word' id='word_1_41' title='bbox 1383 770 1634 847; x_wconf 86' lang='lat' dir='ltr'><strong>impuris</strong></span> <span class='ocrx_word' id='word_1_42' title='bbox 1659 767 1960 846; x_wconf 59' lang='lat' dir='ltr'><strong>affeffikibus</strong></span> 
     </span>
     <span class='ocr_line' id='line_1_7' title="bbox 191 878 1959 976; baseline 0.013 -41"><span class='ocrx_word' id='word_1_43' title='bbox 191 878 475 957; x_wconf 82' lang='lat' dir='ltr'><strong>plenum,</strong></span> <span class='ocrx_word' id='word_1_44' title='bbox 501 883 704 962; x_wconf 71' lang='lat' dir='ltr'><strong>quales</strong></span> <span class='ocrx_word' id='word_1_45' title='bbox 729 883 864 944; x_wconf 87' lang='lat' dir='ltr'><strong>sunt</strong></span> <span class='ocrx_word' id='word_1_46' title='bbox 893 881 1211 966; x_wconf 73' lang='lat' dir='ltr'><strong>Cornigeri</strong></span> <span class='ocrx_word' id='word_1_47' title='bbox 1239 928 1253 954; x_wconf 64' lang='lat'>³</span> <span class='ocrx_word' id='word_1_48' title='bbox 1293 886 1591 972; x_wconf 83' lang='lat' dir='ltr'><strong>Corniger</strong></span> <span class='ocrx_word' id='word_1_49' title='bbox 1615 897 1677 955; x_wconf 68' lang='grc' dir='ltr'><strong>ὅ(</strong></span> <span class='ocrx_word' id='word_1_50' title='bbox 1702 892 1821 976; x_wconf 69' lang='grc' dir='ltr'><strong>ἱρίὲ</strong></span> <span class='ocrx_word' id='word_1_51' title='bbox 1851 939 1862 963; x_wconf 91' lang='grc'><strong><em>,</em></strong></span> <span class='ocrx_word' id='word_1_52' title='bbox 1890 912 1959 958; x_wconf 88' lang='lat' dir='ltr'><strong>vt</strong></span> 
     </span>
     <span class='ocr_line' id='line_1_8' title="bbox 194 998 667 1074; baseline 0.017 -15"><span class='ocrx_word' id='word_1_53' title='bbox 194 998 374 1062; x_wconf 67' lang='lat' dir='ltr'><strong>Poeta</strong></span> <span class='ocrx_word' id='word_1_54' title='bbox 399 1004 667 1074; x_wconf 61' lang='lat' dir='ltr'><strong>testatum</strong></span> 
     </span>
     <span class='ocr_line' id='line_1_9' title="bbox 323 1137 1528 1218; baseline 0.011 -30"><span class='ocrx_word' id='word_1_55' title='bbox 323 1137 735 1213; x_wconf 46' lang='lat' dir='ltr'><strong>Cornigerumque</strong></span> <span class='ocrx_word' id='word_1_56' title='bbox 758 1154 898 1213; x_wconf 74' lang='lat' dir='ltr'><strong>caput</strong></span> <span class='ocrx_word' id='word_1_57' title='bbox 915 1142 1038 1215; x_wconf 80' lang='lat' dir='ltr'><strong>pinu</strong></span> <span class='ocrx_word' id='word_1_58' title='bbox 1055 1145 1355 1218; x_wconf 62' lang='lat' dir='ltr'><strong>praecinc‘lus</strong></span> <span class='ocrx_word' id='word_1_59' title='bbox 1381 1166 1528 1203; x_wconf 73' lang='lat' dir='ltr'><strong>acuta</strong></span> 
     </span>
     <span class='ocr_line' id='line_1_10' title="bbox 396 1262 1567 1348; baseline 0.013 -35"><span class='ocrx_word' id='word_1_60' title='bbox 396 1262 629 1320; x_wconf 67' lang='lat' dir='ltr'><strong>faunus,</strong></span> <span class='ocrx_word' id='word_1_61' title='bbox 652 1264 700 1313; x_wconf 81' lang='lat' dir='ltr'><strong>in</strong></span> <span class='ocrx_word' id='word_1_62' title='bbox 724 1265 968 1335; x_wconf 74' lang='lat' dir='ltr'><em>immensis</em></span> <span class='ocrx_word' id='word_1_63' title='bbox 989 1267 1089 1340; x_wconf 72' lang='lat' dir='ltr'><strong>quei</strong></span> <span class='ocrx_word' id='word_1_64' title='bbox 1115 1283 1264 1332; x_wconf 78' lang='lat' dir='ltr'><strong>tumet</strong></span> <span class='ocrx_word' id='word_1_65' title='bbox 1293 1270 1395 1325; x_wconf 80' lang='lat' dir='ltr'><strong>Ida</strong></span> <span class='ocrx_word' id='word_1_66' title='bbox 1413 1275 1567 1348; x_wconf 71' lang='lat' dir='ltr'><strong>iugis:</strong></span> 
     </span>
    </p>

    <p class='ocr_par' dir='ltr' id='par_1_3' title="bbox 156 1375 1955 3203">
     <span class='ocr_line' id='line_1_11' title="bbox 181 1375 1955 1480; baseline 0.014 -44"><span class='ocrx_word' id='word_1_67' title='bbox 181 1375 376 1441; x_wconf 79' lang='lat' dir='ltr'>Castae</span> <span class='ocrx_word' id='word_1_68' title='bbox 400 1425 412 1446; x_wconf 89' lang='lat'>‚</span> <span class='ocrx_word' id='word_1_69' title='bbox 439 1376 801 1440; x_wconf 87' lang='lat' dir='ltr'><strong>Venationis</strong></span> <span class='ocrx_word' id='word_1_70' title='bbox 834 1381 1064 1462; x_wconf 82' lang='lat' dir='ltr'>praefidi</span> <span class='ocrx_word' id='word_1_71' title='bbox 1093 1429 1108 1452; x_wconf 89' lang='lat'><strong>‚</strong></span> <span class='ocrx_word' id='word_1_72' title='bbox 1142 1385 1289 1451; x_wconf 86' lang='lat' dir='ltr'><strong>Deae</strong></span> <span class='ocrx_word' id='word_1_73' title='bbox 1325 1394 1636 1463; x_wconf 84' lang='lat' dir='ltr'><strong>inimicus,</strong></span> <span class='ocrx_word' id='word_1_74' title='bbox 1661 1395 1955 1480; x_wconf 68' lang='lat' dir='ltr'><strong>auersusq5</strong></span> 
     </span>
     <span class='ocr_line' id='line_1_12' title="bbox 174 1499 1955 1587; baseline 0.01 -26"><span class='ocrx_word' id='word_1_75' title='bbox 174 1499 256 1561; x_wconf 34' lang='lat' dir='ltr'><strong>ab*</strong></span> <span class='ocrx_word' id='word_1_76' title='bbox 285 1501 408 1584; x_wconf 79' lang='lat' dir='ltr'><strong>ipsa</strong></span> <span class='ocrx_word' id='word_1_77' title='bbox 439 1500 782 1565; x_wconf 85' lang='lat' dir='ltr'><strong>Venatione</strong></span> <span class='ocrx_word' id='word_1_78' title='bbox 814 1548 828 1571; x_wconf 89' lang='lat'><strong>,</strong></span> <span class='ocrx_word' id='word_1_79' title='bbox 860 1527 996 1587; x_wconf 85' lang='lat' dir='ltr'><strong>quae</strong></span> <span class='ocrx_word' id='word_1_80' title='bbox 1028 1508 1334 1576; x_wconf 84' lang='lat' dir='ltr'><strong>Venerem</strong></span> <span class='ocrx_word' id='word_1_81' title='bbox 1368 1521 1594 1576; x_wconf 79' lang='lat' dir='ltr'><strong>auertit</strong></span> <span class='ocrx_word' id='word_1_82' title='bbox 1621 1557 1633 1569; x_wconf 91' lang='lat'><strong>.</strong></span> <span class='ocrx_word' id='word_1_83' title='bbox 1678 1517 1822 1575; x_wconf 91' lang='lat' dir='ltr'><strong>Hoc</strong></span> <span class='ocrx_word' id='word_1_84' title='bbox 1849 1527 1955 1577; x_wconf 59' lang='lat' dir='ltr'><strong>au4</strong></span> 
     </span>
     <span class='ocr_line' id='line_1_13' title="bbox 173 1626 1950 1709; baseline 0.008 -23"><span class='ocrx_word' id='word_1_85' title='bbox 173 1638 296 1687; x_wconf 85' lang='lat' dir='ltr'><strong>tem</strong></span> <span class='ocrx_word' id='word_1_86' title='bbox 320 1641 548 1687; x_wconf 86' lang='lat' dir='ltr'><strong>certum</strong></span> <span class='ocrx_word' id='word_1_87' title='bbox 578 1626 1110 1709; x_wconf 80' lang='lat' dir='ltr'><strong>est,superioribus</strong></span> <span class='ocrx_word' id='word_1_88' title='bbox 1144 1635 1314 1689; x_wconf 78' lang='lat' dir='ltr'><strong>annis</strong></span> <span class='ocrx_word' id='word_1_89' title='bbox 1340 1674 1353 1697; x_wconf 93' lang='lat'>‚</span> <span class='ocrx_word' id='word_1_90' title='bbox 1385 1629 1640 1695; x_wconf 88' lang='lat' dir='ltr'><strong>Summo</strong></span> <span class='ocrx_word' id='word_1_91' title='bbox 1671 1634 1950 1702; x_wconf 88' lang='lat' dir='ltr'>VRBA-</span> 
     </span>
     <span class='ocr_line' id='line_1_14' title="bbox 166 1746 1946 1835; baseline 0.008 -25"><span class='ocrx_word' id='word_1_92' title='bbox 166 1746 307 1811; x_wconf 88' lang='grc' dir='ltr'><strong>ΝΟ</strong></span> <span class='ocrx_word' id='word_1_93' title='bbox 353 1747 641 1810; x_wconf 86' lang='lat' dir='ltr'><strong>Pontifice</strong></span> <span class='ocrx_word' id='word_1_94' title='bbox 666 1746 935 1812; x_wconf 83' lang='lat' dir='ltr'><strong>iubente,</strong></span> <span class='ocrx_word' id='word_1_95' title='bbox 974 1749 1149 1808; x_wconf 73' lang='lat' dir='ltr'><strong>Aelia</strong></span> <span class='ocrx_word' id='word_1_96' title='bbox 1173 1752 1325 1809; x_wconf 85' lang='lat' dir='ltr'><strong>dum</strong></span> <span class='ocrx_word' id='word_1_97' title='bbox 1355 1756 1492 1813; x_wconf 85' lang='lat' dir='ltr'><strong>Arx</strong></span> <span class='ocrx_word' id='word_1_98' title='bbox 1519 1764 1946 1835; x_wconf 72' lang='lat' dir='ltr'><strong>praemunitur,</strong></span> 
     </span>
     <span class='ocr_line' id='line_1_15' title="bbox 160 1867 1949 1956; baseline 0.01 -24"><span class='ocrx_word' id='word_1_99' title='bbox 160 1869 437 1956; x_wconf 84' lang='lat' dir='ltr'><strong>foffaeque</strong></span> <span class='ocrx_word' id='word_1_100' title='bbox 466 1873 727 1935; x_wconf 85' lang='lat' dir='ltr'><strong>altiores,</strong></span> <span class='ocrx_word' id='word_1_101' title='bbox 753 1874 814 1929; x_wconf 85' lang='lat'>&amp;</span> <span class='ocrx_word' id='word_1_102' title='bbox 839 1867 1159 1948; x_wconf 85' lang='lat' dir='ltr'><strong>ampliores</strong></span> <span class='ocrx_word' id='word_1_103' title='bbox 1185 1869 1547 1945; x_wconf 85' lang='lat' dir='ltr'><strong>redduntur,</strong></span> <span class='ocrx_word' id='word_1_104' title='bbox 1574 1875 1727 1943; x_wconf 84' lang='lat' dir='ltr'><strong>hanc</strong></span> <span class='ocrx_word' id='word_1_105' title='bbox 1752 1884 1949 1948; x_wconf 85' lang='lat' dir='ltr'>Fauni</span> 
     </span>
     <span class='ocr_line' id='line_1_16' title="bbox 161 1990 1943 2085; baseline 0.009 -28"><span class='ocrx_word' id='word_1_106' title='bbox 161 1992 429 2059; x_wconf 82' lang='lat' dir='ltr'><strong>Statuam</strong></span> <span class='ocrx_word' id='word_1_107' title='bbox 455 2036 469 2062; x_wconf 89' lang='lat'>‚</span> <span class='ocrx_word' id='word_1_108' title='bbox 502 1995 725 2077; x_wconf 83' lang='lat' dir='ltr'><strong>ingenti</strong></span> <span class='ocrx_word' id='word_1_109' title='bbox 763 1990 930 2071; x_wconf 78' lang='lat' dir='ltr'><strong>gleba</strong></span> <span class='ocrx_word' id='word_1_110' title='bbox 965 2035 978 2057; x_wconf 92' lang='lat'>,</span> <span class='ocrx_word' id='word_1_111' title='bbox 1023 2013 1168 2054; x_wconf 87' lang='lat' dir='ltr'><strong>cum</strong></span> <span class='ocrx_word' id='word_1_112' title='bbox 1207 1994 1331 2077; x_wconf 69' lang='lat' dir='ltr'><strong>ipfiz</strong></span> <span class='ocrx_word' id='word_1_113' title='bbox 1369 1998 1512 2060; x_wconf 89' lang='lat' dir='ltr'><strong>olim</strong></span> <span class='ocrx_word' id='word_1_114' title='bbox 1555 2003 1901 2085; x_wconf 51' lang='lat' dir='ltr'><strong>impietate)</strong></span> <span class='ocrx_word' id='word_1_115' title='bbox 1928 2053 1943 2078; x_wconf 84' lang='lat'>,</span> 
     </span>
     <span class='ocr_line' id='line_1_17' title="bbox 161 2114 1939 2204; baseline 0.002 -26"><span class='ocrx_word' id='word_1_116' title='bbox 161 2116 275 2181; x_wconf 72' lang='lat' dir='ltr'><strong>alte</strong></span> <span class='ocrx_word' id='word_1_117' title='bbox 314 2114 595 2178; x_wconf 80' lang='lat' dir='ltr'><strong>defossam</strong></span> <span class='ocrx_word' id='word_1_118' title='bbox 616 2161 631 2186; x_wconf 90' lang='lat'>‚</span> <span class='ocrx_word' id='word_1_119' title='bbox 666 2120 729 2177; x_wconf 92' lang='lat' dir='ltr'><strong>in</strong></span> <span class='ocrx_word' id='word_1_120' title='bbox 764 2116 963 2176; x_wconf 84' lang='lat' dir='ltr'><strong>lucem</strong></span> <span class='ocrx_word' id='word_1_121' title='bbox 996 2138 1216 2177; x_wconf 82' lang='lat' dir='ltr'><strong>nouam</strong></span> <span class='ocrx_word' id='word_1_122' title='bbox 1242 2160 1256 2184; x_wconf 90' lang='lat'>,</span> <span class='ocrx_word' id='word_1_123' title='bbox 1288 2120 1364 2179; x_wconf 83' lang='lat' dir='ltr'><strong>ad</strong></span> <span class='ocrx_word' id='word_1_124' title='bbox 1394 2121 1574 2204; x_wconf 78' lang='lat' dir='ltr'>ipfius</span> <span class='ocrx_word' id='word_1_125' title='bbox 1604 2134 1818 2191; x_wconf 85' lang='lat' dir='ltr'><strong>veteris</strong></span> <span class='ocrx_word' id='word_1_126' title='bbox 1849 2131 1939 2193; x_wconf 86' lang='lat' dir='ltr'><strong>su-</strong></span> 
     </span>
     <span class='ocr_line' id='line_1_18' title="bbox 158 2227 1937 2326; baseline 0.007 -25"><span class='ocrx_word' id='word_1_127' title='bbox 158 2240 521 2325; x_wconf 86' lang='lat' dir='ltr'><strong>perstitionis</strong></span> <span class='ocrx_word' id='word_1_128' title='bbox 544 2256 961 2324; x_wconf 85' lang='lat' dir='ltr'><strong>contemptum</strong></span> <span class='ocrx_word' id='word_1_129' title='bbox 988 2285 1002 2306; x_wconf 93' lang='lat'>‚</span> <span class='ocrx_word' id='word_1_130' title='bbox 1047 2247 1106 2301; x_wconf 67' lang='lat' dir='ltr'><strong>&lt;Sc</strong></span> <span class='ocrx_word' id='word_1_131' title='bbox 1132 2243 1193 2300; x_wconf 86' lang='lat' dir='ltr'><strong>in</strong></span> <span class='ocrx_word' id='word_1_132' title='bbox 1223 2242 1455 2325; x_wconf 74' lang='lat' dir='ltr'><strong>artifici]</strong></span> <span class='ocrx_word' id='word_1_133' title='bbox 1494 2227 1937 2326; x_wconf 47' lang='lat' dir='ltr'><strong>venustatem,</strong></span> 
     </span>
     <span class='ocr_line' id='line_1_19' title="bbox 159 2348 1936 2453; baseline 0.006 -25"><span class='ocrx_word' id='word_1_134' title='bbox 159 2369 223 2428; x_wconf 87' lang='lat'>&amp;</span> <span class='ocrx_word' id='word_1_135' title='bbox 240 2365 538 2447; x_wconf 82' lang='lat' dir='ltr'><strong>elegantiae</strong></span> <span class='ocrx_word' id='word_1_136' title='bbox 557 2348 842 2448; x_wconf 86' lang='lat' dir='ltr'><strong>pompam</strong></span> <span class='ocrx_word' id='word_1_137' title='bbox 856 2409 869 2434; x_wconf 92' lang='lat'>,</span> <span class='ocrx_word' id='word_1_138' title='bbox 883 2362 991 2425; x_wconf 82' lang='lat' dir='ltr'><strong>effe</strong></span> <span class='ocrx_word' id='word_1_139' title='bbox 1015 2361 1320 2428; x_wconf 63' lang='lat' dir='ltr'><strong>edueiam.</strong></span> <span class='ocrx_word' id='word_1_140' title='bbox 1367 2368 1510 2432; x_wconf 87' lang='lat' dir='ltr'><strong>Hoc</strong></span> <span class='ocrx_word' id='word_1_141' title='bbox 1527 2376 1742 2453; x_wconf 83' lang='lat' dir='ltr'><strong>pariter</strong></span> <span class='ocrx_word' id='word_1_142' title='bbox 1765 2377 1936 2439; x_wconf 80' lang='lat' dir='ltr'><strong>notis-</strong></span> 
     </span>
     <span class='ocr_line' id='line_1_20' title="bbox 157 2487 1936 2572; baseline 0.007 -20"><span class='ocrx_word' id='word_1_143' title='bbox 157 2489 376 2553; x_wconf 85' lang='lat' dir='ltr'><strong>fimum</strong></span> <span class='ocrx_word' id='word_1_144' title='bbox 402 2488 485 2551; x_wconf 89' lang='lat' dir='ltr'><strong>est</strong></span> <span class='ocrx_word' id='word_1_145' title='bbox 509 2533 522 2558; x_wconf 83' lang='lat'>‚</span> <span class='ocrx_word' id='word_1_146' title='bbox 551 2489 949 2572; x_wconf 82' lang='lat' dir='ltr'><strong>Sepulcralern</strong></span> <span class='ocrx_word' id='word_1_147' title='bbox 991 2487 1152 2549; x_wconf 83' lang='lat' dir='ltr'><strong>illam</strong></span> <span class='ocrx_word' id='word_1_148' title='bbox 1199 2491 1435 2555; x_wconf 89' lang='lat' dir='ltr'><strong>Molem</strong></span> <span class='ocrx_word' id='word_1_149' title='bbox 1467 2541 1480 2565; x_wconf 91' lang='lat'>,</span> <span class='ocrx_word' id='word_1_150' title='bbox 1507 2518 1629 2560; x_wconf 92' lang='lat' dir='ltr'><strong>non</strong></span> <span class='ocrx_word' id='word_1_151' title='bbox 1676 2497 1936 2564; x_wconf 86' lang='lat' dir='ltr'><strong>Adriani</strong></span> 
     </span>
     <span class='ocr_line' id='line_1_21' title="bbox 158 2613 1934 2695; baseline 0.005 -17"><span class='ocrx_word' id='word_1_152' title='bbox 158 2615 422 2683; x_wconf 79' lang='lat' dir='ltr'><strong>tantum,</strong></span> <span class='ocrx_word' id='word_1_153' title='bbox 451 2616 549 2677; x_wconf 83' lang='lat' dir='ltr'><strong>sed</strong></span> <span class='ocrx_word' id='word_1_154' title='bbox 579 2613 1231 2695; x_wconf 83' lang='lat' dir='ltr'><strong>&amp;sui,&amp;reliquorum</strong></span> <span class='ocrx_word' id='word_1_155' title='bbox 1260 2616 1564 2682; x_wconf 80' lang='lat' dir='ltr'><strong>Caesarum</strong></span> <span class='ocrx_word' id='word_1_156' title='bbox 1597 2624 1934 2686; x_wconf 86' lang='lat' dir='ltr'><strong>Antonino-</strong></span> 
     </span>
     <span class='ocr_line' id='line_1_22' title="bbox 159 2736 1929 2815; baseline 0.006 -15"><span class='ocrx_word' id='word_1_157' title='bbox 159 2760 301 2803; x_wconf 87' lang='lat' dir='ltr'><strong>rum</strong></span> <span class='ocrx_word' id='word_1_158' title='bbox 339 2737 660 2802; x_wconf 84' lang='lat' dir='ltr'><strong>Cineribus</strong></span> <span class='ocrx_word' id='word_1_159' title='bbox 698 2740 1025 2801; x_wconf 58' lang='lat' dir='ltr'><strong>extructam</strong></span> <span class='ocrx_word' id='word_1_160' title='bbox 1054 2736 1164 2799; x_wconf 83' lang='lat' dir='ltr'><strong>effe</strong></span> <span class='ocrx_word' id='word_1_161' title='bbox 1201 2738 1277 2800; x_wconf 85' lang='lat' dir='ltr'><strong>ab</strong></span> <span class='ocrx_word' id='word_1_162' title='bbox 1305 2740 1659 2815; x_wconf 82' lang='lat' dir='ltr'><strong>Antonin03</strong></span> <span class='ocrx_word' id='word_1_163' title='bbox 1695 2749 1799 2808; x_wconf 90' lang='lat' dir='ltr'><strong>cui</strong></span> <span class='ocrx_word' id='word_1_164' title='bbox 1825 2770 1929 2810; x_wconf 86' lang='lat' dir='ltr'><strong>no-</strong></span> 
     </span>
     <span class='ocr_line' id='line_1_23' title="bbox 158 2861 1925 2953; baseline 0.004 -27"><span class='ocrx_word' id='word_1_165' title='bbox 158 2885 297 2926; x_wconf 80' lang='lat' dir='ltr'><strong>rnen</strong></span> <span class='ocrx_word' id='word_1_166' title='bbox 335 2865 554 2928; x_wconf 80' lang='lat' dir='ltr'><strong>indidit</strong></span> <span class='ocrx_word' id='word_1_167' title='bbox 591 2862 767 2924; x_wconf 83' lang='lat' dir='ltr'><strong>Pium</strong></span> <span class='ocrx_word' id='word_1_168' title='bbox 812 2863 934 2946; x_wconf 82' lang='lat' dir='ltr'><strong>ipsa</strong></span> <span class='ocrx_word' id='word_1_169' title='bbox 972 2866 1032 2922; x_wconf 91' lang='lat' dir='ltr'><strong>in</strong></span> <span class='ocrx_word' id='word_1_170' title='bbox 1072 2861 1380 2926; x_wconf 57' lang='lat' dir='ltr'><strong>defunetos</strong></span> <span class='ocrx_word' id='word_1_171' title='bbox 1412 2867 1672 2931; x_wconf 83' lang='lat' dir='ltr'><strong>Caesares</strong></span> <span class='ocrx_word' id='word_1_172' title='bbox 1701 2875 1886 2953; x_wconf 82' lang='lat' dir='ltr'><strong>pietas</strong></span> <span class='ocrx_word' id='word_1_173' title='bbox 1911 2919 1925 2942; x_wconf 94' lang='lat'>,</span> 
     </span>
     <span class='ocr_line' id='line_1_24' title="bbox 156 2984 1923 3058; baseline 0.005 -9"><span class='ocrx_word' id='word_1_174' title='bbox 156 2986 274 3049; x_wconf 90' lang='lat' dir='ltr'><strong>hoc</strong></span> <span class='ocrx_word' id='word_1_175' title='bbox 301 2992 482 3052; x_wconf 84' lang='lat' dir='ltr'><strong>etiam</strong></span> <span class='ocrx_word' id='word_1_176' title='bbox 512 3006 900 3051; x_wconf 85' lang='lat' dir='ltr'><strong>monumento</strong></span> <span class='ocrx_word' id='word_1_177' title='bbox 923 2984 1126 3048; x_wconf 80' lang='lat' dir='ltr'><strong>testata</strong></span> <span class='ocrx_word' id='word_1_178' title='bbox 1150 3034 1162 3047; x_wconf 91' lang='lat'><strong>.</strong></span> <span class='ocrx_word' id='word_1_179' title='bbox 1195 2987 1419 3058; x_wconf 81' lang='lat' dir='ltr'><strong>Fallor,</strong></span> <span class='ocrx_word' id='word_1_180' title='bbox 1439 2992 1546 3053; x_wconf 86' lang='lat' dir='ltr'><strong>nifi</strong></span> <span class='ocrx_word' id='word_1_181' title='bbox 1575 2994 1923 3058; x_wconf 80' lang='lat' dir='ltr'><strong>Antoninus</strong></span> 
     </span>
     <span class='ocr_line' id='line_1_25' title="bbox 158 3109 1923 3203; baseline 0.005 -31"><span class='ocrx_word' id='word_1_182' title='bbox 158 3110 553 3197; x_wconf 87' lang='lat' dir='ltr'><strong>Philosophus</strong></span> <span class='ocrx_word' id='word_1_183' title='bbox 575 3157 588 3181; x_wconf 91' lang='lat'>‚</span> <span class='ocrx_word' id='word_1_184' title='bbox 610 3114 718 3198; x_wconf 87' lang='lat' dir='ltr'><strong>qui</strong></span> <span class='ocrx_word' id='word_1_185' title='bbox 742 3111 851 3173; x_wconf 88' lang='lat' dir='ltr'><strong>Pio</strong></span> <span class='ocrx_word' id='word_1_186' title='bbox 877 3109 985 3196; x_wconf 73' lang='lat' dir='ltr'><strong>ipsi</strong></span> <span class='ocrx_word' id='word_1_187' title='bbox 1012 3111 1332 3175; x_wconf 86' lang='lat' dir='ltr'><strong>Antonino</strong></span> <span class='ocrx_word' id='word_1_188' title='bbox 1354 3114 1617 3179; x_wconf 82' lang='lat' dir='ltr'><strong>sncceffit</strong></span> <span class='ocrx_word' id='word_1_189' title='bbox 1637 3122 1700 3180; x_wconf 89' lang='lat' dir='ltr'><strong>in</strong></span> <span class='ocrx_word' id='word_1_190' title='bbox 1729 3119 1923 3203; x_wconf 87' lang='lat' dir='ltr'><strong>Impe-</strong></span> 
     </span>
    </p>
   </div>
   <div class='ocr_carea' id='block_1_3' title="bbox 1719 3263 1841 3310">
    <p class='ocr_par' dir='ltr' id='par_1_4' title="bbox 1719 3263 1841 3310">
     <span class='ocr_line' id='line_1_26' title="bbox 1719 3263 1841 3310; baseline 0 -7"><span class='ocrx_word' id='word_1_191' title='bbox 1719 3263 1841 3310; x_wconf 73' lang='lat' dir='ltr'><strong>no,</strong></span> 
     </span>
    </p>
   </div>
   <div class='ocr_carea' id='block_1_4' title="bbox 1991 1150 2047 1232">
    <p class='ocr_par' dir='ltr' id='par_1_5' title="bbox 1991 1150 2047 1232">
     <span class='ocr_line' id='line_1_27' title="bbox 1991 1150 2047 1232; textangle 90"><span class='ocrx_word' id='word_1_192' title='bbox 1991 1150 2047 1232; x_wconf 47' lang='grc' dir='ltr'><strong>*ἐξ</strong></span> 
     </span>
    </p>
   </div>
  </div>
 </body>
</html>
