2492 3741
599 232 733 304 162

482 358 599 423 que
626 337 767 399 hinc
798 335 1127 419 Deiparam
1148 324 1846 417 Virginem,admirabili
1870 331 2135 416 quodam
2162 331 2259 392 de-

485 484 625 526 core
661 458 1034 544 speclabilem
1066 506 1080 531 ,
1114 460 1597 542 contemplemur
1623 504 1637 525 ,
1682 458 1823 518 hinc
1865 456 2261 519 tenellulum

488 586 683 647 Iesum
712 629 725 652 ,
755 606 1093 646 marmoreae
1120 629 1134 652 ,
1169 588 1231 645 ni
1264 580 1432 643 fallor
1458 628 1472 650 ,
1504 582 1800 643 columnae
1837 580 2221 644 insidentem,
2250 600 2266 644 3

489 728 673 793 quam
705 706 978 789 quidem,
1006 729 1110 789 per
1142 708 1435 770 summam
1472 705 1715 768 Pictoris
1743 704 2095 766 industriam
2120 749 2134 772 ‚
2167 700 2268 762 de-

488 830 782 914 sumptam
828 850 903 890 ex
943 829 1111 890 sacris
1152 831 1429 894 Aedibus
1469 829 1849 890 Praxedianis
1890 827 2064 910 plane
2105 827 2269 889 dixe-

489 958 564 1016 ris
591 979 604 1023 ;
633 971 701 1017 Vt
731 955 1021 1017 nimirum
1054 952 1322 1018 Puerum
1360 955 1558 1016 Iesum
1592 995 1606 1023 ,
1633 957 1750 1013 iam
1783 953 1928 1013 olim
1954 954 1988 1015 a
2013 953 2273 1036 pueritia

489 1078 965 1162 redemptionem
1011 1075 1264 1140 humani
1307 1082 1534 1161 generis
1578 1079 1926 1139 molientem
1956 1122 1970 1146 ,
2011 1086 2074 1140 ὃς
2111 1076 2279 1137 futu-

489 1225 578 1264 ras
613 1223 831 1284 poenas
868 1199 1090 1264 affiduel·
1129 1202 1521 1265 meditantem
1546 1248 1561 1268 ,
1592 1202 1760 1261 nobis
1806 1203 2241 1285 repraesentaret
2265 1247 2278 1258 .

491 1325 613 1388 Hic
647 1344 848 1388 autem
885 1324 963 1387 ad
1007 1325 1139 1389 Iesu
1183 1325 1361 1410 pedes
1408 1322 1838 1386 Praecursorem
1883 1323 2085 1386 adhuc
2130 1323 2282 1384 Pue-

492 1471 631 1511 rum
669 1448 1170 1529 procumbentem
1217 1451 1420 1512 Sartus
1462 1447 1743 1509 adiunxit
1786 1471 1802 1516 3
1844 1464 1915 1511 vt
1956 1450 2284 1509 nimirum-2

492 1570 757 1635 eiusdem
805 1566 1178 1632 Praecursoris
1219 1572 1627 1636 humilitatem
1677 1564 2097 1655 referret,'qua
2122 1568 2289 1630 dein-

497 1695 572 1757 de
631 1689 891 1774 ingenue
949 1690 1233 1774 profeffus
1291 1692 1373 1754 est
1418 1737 1432 1760 ,
1490 1693 1545 1756 se
1603 1694 1925 1776 indignum
1982 1694 2231 1757 omnino
2275 1737 2290 1760 ,

502 1820 611 1902 qui
656 1814 903 1879 Christo
949 1814 1222 1875 Domino
1247 1816 1798 1881 calceamentorum
1838 1822 2156 1899 corrigiam
2187 1816 2294 1879 sol-

497 1960 665 2007 ueret
693 1987 705 2000 .

582 2062 952 2147 Opportune
975 2079 1178 2124 autem
1194 2080 1358 2122 nunc
1378 2062 1545 2124 nobis
1576 2063 1823 2127 visenda
1837 2069 2106 2126 occurrit
2123 2065 2292 2125 Rhe-

497 2195 562 2255 ni
584 2188 857 2254 Tabula,
877 2188 939 2249 in
963 2207 1087 2270 qua
1117 2183 1593 2268 Hieronymum,
1611 2192 1945 2251 maximum
1968 2190 2140 2250 illum
2162 2188 2297 2249 Ere-

501 2318 614 2382 mi,
630 2320 692 2374 &
715 2313 1050 2375 litterarum
1074 2312 1352 2371 omnium
1373 2312 1664 2374 cultorem
1680 2309 2004 2395 ,expreffit‚
2026 2313 2294 2392 ieiunijS,

503 2458 681 2522 atque
705 2435 925 2516 vigilijs
952 2434 1304 2517 pallentem,
1336 2432 1646 2498 Christum
1680 2434 2076 2498 Crucifixum
2111 2437 2296 2498 altera

506 2585 692 2626 manu
708 2557 1088 2621 sustinentem
1103 2602 1116 2626 ,
1129 2560 1317 2640 eiusq,
1341 2558 1516 2641 pedes
1546 2565 1831 2645 rigantem
1858 2560 2153 2643 lacrymis,
2166 2568 2297 2644 neq,

508 2708 780 2771 vnquam
808 2684 843 2744 a
867 2682 1119 2765 pectoris
1137 2681 1487 2747 verberibus
1503 2684 1846 2748 cessantem.
1890 2683 2073 2745 Porro
2112 2686 2300 2747 Picto-

511 2832 649 2879 rem,
667 2809 860 2873 nostra
883 2811 1173 2872 memoria
1201 2806 1684 2878 laudatiffimum,
1700 2808 1992 2872 celebrare
2018 2810 2301 2892 superua-

514 2956 769 2996 caneum
795 2932 903 2995 est.
942 2931 1247 3016 Equidem
1265 2931 1531 2996 Ciuibus
1557 2943 1699 2996 meis
1716 2932 2060 3015 nuperrime
2081 2955 2156 2995 ex
2181 2936 2303 2996 ani-

513 3080 613 3122 mo
637 3060 963 3139 gratulatus
978 3054 1125 3124 sum,
1141 3055 1309 3139 quod
1333 3055 1798 3139 pulcherrimam
1818 3055 1891 3118 ab
1914 3077 1986 3116 eo
2000 3056 2303 3121 Tabulam

516 3185 856 3264 acceperint
874 3199 1087 3263 ,quam
1119 3182 1183 3239 in
1212 3179 1920 3264 Temp10‚superioribus
1948 3185 2116 3243 annis
2142 3183 2303 3242 Con-

2038 3321 2223 3387 ceptae
