2492 3741
1741 167 1866 243 181

213 253 418 336 paffim
456 274 658 340 prata,
688 264 750 322 &
780 260 1107 343 praediuisae
1135 264 1404 345 planities
1432 311 1446 335 ‚
1469 270 1654 331 valles
1681 314 1695 340 ,
1725 274 1993 339 defluen-

213 377 414 462 tesque
441 386 561 443 riui
586 427 599 450 ,
628 384 879 447 occulto,
906 386 1047 448 dolo
1074 433 1088 456 ,
1113 392 1175 450 in
1201 406 1431 471 apertas
1470 391 1703 455 infidias
1739 398 1988 464 trahunt

211 521 491 585 vagantes
515 550 528 573 ,
545 513 608 568 &
639 506 717 568 ad
747 527 887 570 nota
917 510 1157 592 pascua,
1175 519 1236 574 &
1260 511 1487 575 stabula
1513 536 1880 581 recurrentes
1904 523 1985 584 fe-

206 647 325 697 raS,
342 628 492 690 adeo
515 634 888 704 innumeras,
911 653 983 699 vt
1005 655 1191 719 quam
1218 633 1540 720 insequaris
1563 642 1822 726 ignores.
1869 643 1984 707 Vi-

203 751 399 822 disses,
423 753 634 817 eodem
656 757 775 818 fere
805 778 1075 842 tempore
1103 803 1116 827 ‚
1143 781 1253 843 per
1286 763 1640 845 campestria
1666 765 1791 829 haec
1814 767 1980 833 loca„

200 878 464 940 eundem
503 880 840 966 Principem
868 925 882 948 ,
912 884 1079 964 quafi
1112 884 1270 945 bello
1303 904 1513 950 natum
1537 933 1551 956 ‚
1584 892 1976 974 imperatoriis

198 997 372 1083 fungi
406 1002 613 1085 officijs
639 1030 653 1073 ς
680 1005 959 1088 peditum
992 1013 1196 1092 copias
1230 1009 1407 1092 longo
1441 1011 1656 1074 ordine
1680 1014 1977 1077 diffunde-

195 1146 260 1186 re
281 1170 294 1194 ,
329 1126 694 1210 equestribus
728 1135 1031 1212 apertiora
1063 1135 1195 1195 loca
1227 1139 1499 1197 munire:
1530 1157 1651 1197 non
1677 1141 1977 1222 oppansas

191 1253 337 1311 retia
363 1295 377 1319 ‚
405 1249 502 1313 sed
538 1256 795 1334 expansa
833 1256 1015 1320 lintea
1036 1303 1049 1326 ,
1076 1259 1241 1340 quasi
1279 1265 1606 1325 excitatum
1634 1262 1974 1328 scenicum-2

187 1395 472 1443 murum,
496 1378 839 1457 impetuosis
868 1380 1079 1444 belluis
1107 1389 1540 1468 opportuniore
1566 1385 1678 1449 fitu
1706 1407 1973 1470 oppone-

186 1520 288 1560 re:
335 1500 533 1562 Canes
557 1501 963 1584 vestigatore3‚
980 1510 1216 1591 copulis
1241 1509 1494 1573 solutos,
1517 1509 1828 1565 latratibus
1853 1507 1971 1568 bel

182 1623 312 1685 lum
336 1623 544 1688 belluis
570 1627 946 1693 indicentes,
930 1650 991 1686 1n
1016 1648 1262 1685 nemora
1287 1625 1636 1688 immitteie:
1652 1629 1968 1692 emiffarios

181 1748 382 1810 Canes
405 1749 482 1810 ad
507 1751 744 1811 viarum
772 1752 945 1812 initia
971 1747 1190 1814 fistere,
1208 1767 1417 1827 aperto
1437 1756 1656 1820 marte,
1680 1752 1832 1817 datis
1858 1777 1968 1817 nu-

176 1872 380 1941 mellis,
397 1873 589 1936 velut1
613 1872 801 1931 fraenis
819 1912 831 1935 ,
849 1883 1249 1950 pugnaturos,
1275 1867 1537 1932 Vidisses
1561 1872 1842 1940 aduersus
1866 1901 1967 1941 an-

175 1998 342 2057 nosos
372 1999 566 2075 Apros
592 1992 854 2056 eundem
877 1989 1090 2061 ‚modo
1113 1993 1370 2054 alacrem
1396 2013 1624 2080 equum
1649 2001 1709 2060 in
1738 2022 1959 2084 gyrum

174 2118 425 2186 flectere,
440 2117 639 2188 mocio,
653 2117 858 2181 addito
884 2115 1114 2184 calcari,
1130 2138 1397 2185 currere,
1415 2125 1476 2181 &
1503 2141 1808 2186 recurrere
1828 2128 1959 2194 §do-

173 2266 284 2310 nec
317 2248 604 2305 immanes
632 2243 852 2305 belluas
880 2287 896 2310 ‚
922 2240 1114 2303 Canes
1147 2239 1298 2322 ipsos
1324 2242 1757 2325 prosternentes
1780 2289 1793 2317 ‚
1816 2271 1957 2317 ore)

173 2369 287 2432 tela
314 2366 752 2452 confringentes
775 2413 788 2433 ‚
820 2381 1117 2450 praeacuto
1140 2368 1203 2425 in
1228 2366 1480 2432 frontem
1505 2370 1715 2436 adacto
1741 2373 1913 2441 ense)
1938 2403 1958 2445 ,·

175 2490 458 2556 omnibus
482 2493 913 2556 admirantibus
929 2537 941 2559 ‚
960 2490 1354 2575 prosterneret
1368 2541 1382 2555 .

273 2618 413 2681 Nec
440 2618 674 2702 longius
709 2639 806 2678 me
839 2635 1154 2680 venantem
1193 2617 1266 2678 ab
1296 2639 1360 2679 re
1391 2618 1721 2686 abductum
1758 2623 1952 2686 existi-

177 2766 293 2812 mo,
309 2743 459 2805 dum
486 2766 604 2805 non
629 2740 847 2806 temere
872 2742 1101 2804 dicium
1130 2759 1310 2824 puto,
1329 2741 1736 2810 Simulacrum
1752 2795 1765 2817 ‚
1781 2750 1950 2831 quod

178 2868 344 2932 haud
381 2869 554 2951 longe
597 2867 672 2930 ab
698 2866 907 2930 eodem
942 2867 1261 2929 Antonino
1299 2872 1492 2932 iacens
1530 2876 1832 2941 cernitur,
1860 2876 1944 2938 nil

175 2992 346 3055 aliud
372 2991 604 3062 referre,
632 2991 910 3075 quam-ab
931 2990 1062 3060 illo,
1091 2997 1155 3056 &
1181 2990 1424 3056 fortassis
1445 2997 1652 3057 eadem
1678 3006 1738 3058 in
1759 3000 1942 3076 regio-

179 3139 253 3180 ne
278 3162 292 3187 ,
319 3134 547 3181 venatu
570 3136 807 3200 captam
837 3115 1096 3200 praedam
1120 3162 1134 3174 .
1182 3116 1483 3181 Videmus
1508 3120 1789 3205 equidem
1815 3140 1942 3180 om-

1681 3245 1855 3303 nium
