2492 3741
598 213 733 312 158

482 322 689 386 adorat
706 343 717 379 :
734 318 903 402 quod
917 313 1164 401 quidem
1181 333 1333 396 opus
1347 313 1639 374 summam
1658 306 1836 390 ipsius
1858 306 2137 368 Auctoris
2161 324 2254 366 ce-

481 437 1328 511 lebritatem,&Incredibilem
1353 433 1659 520 quandam
1688 431 2028 493 facilitatem
2057 425 2256 511 praese-

484 568 621 632 fert:
649 565 954 632 caeteriim,
975 559 1412 624 laudatissimus
1439 558 1585 625 Vir,
1611 571 1908 641 quantum
1935 553 1969 614 a
1998 549 2255 631 Corrigij

486 687 778 755 maiestate
802 682 1073 769 delapsus
1097 685 1205 753 est,
1236 680 1617 746 tantumdem
1644 679 2023 745 viuacitatis,
2043 684 2104 739 &
2135 694 2262 755 gra·

488 820 706 880 tiarum
730 809 1023 872 assecutus
1051 808 1322 871 videtur.

587 936 784 998 Nunc
814 930 963 997 vero
1003 933 1066 990 in
1099 938 1379 1011 proximo
1413 930 1722 991 Bonarotae
1760 929 1968 1010 Opere
2005 920 2271 987 lineandi
2331 916 2333 918 ’

490 1077 676 1123 artem
691 1059 992 1123 eximiam,
1012 1054 1340 1114 Anatomes
1357 1057 1754 1136 cognitionem
1778 1051 2083 1118 summam,
2104 1056 2165 1111 &
2185 1069 2272 1109 re·

489 1204 628 1245 rum
653 1182 1066 1242 inuentionem
1089 1174 1499 1238 admirabilem
1521 1176 1728 1238 videre
1758 1177 1908 1239 licet:
1927 1174 2273 1246 (Bonarotae

491 1305 810 1369 Somnium
847 1302 1187 1385 appellant)
1224 1297 1456 1361 Mundi
1494 1294 1672 1379 globo
1710 1299 1959 1358 quenis
1987 1300 2229 1358 innixus
2261 1340 2277 1363 ,

487 1427 660 1490 nudo
681 1447 943 1509 corpore,
960 1421 1234 1506 eodemq,
1248 1421 1486 1503 fingulis
1517 1419 1798 1482 membris
1815 1417 2028 1481 affabre
2044 1439 2284 1502 compa·

495 1552 721 1632 ginato‚
741 1549 935 1629 primo
958 1549 1011 1603 se
1033 1547 1399 1609 intuentibus
1426 1541 1808 1628 offert3quem
1834 1543 2119 1625 Angelus,
2136 1543 2282 1606 tuba

496 1670 575 1739 ad
600 1689 771 1730 aures
796 1666 1032 1729 admota
1049 1710 1061 1733 ‚
1078 1664 1477 1727 dormientem
1504 1671 1751 1729 excitat:
1777 1666 1942 1729 hunc
1969 1689 2090 1729 non
2116 1665 2285 1733 aliud

499 1791 710 1857 referre
737 1789 1092 1853 crediderim
1114 1829 1127 1852 ‚
1143 1788 1327 1867 quam
1352 1787 1538 1867 ipsam
1555 1788 1836 1852 Hominis
1861 1807 2121 1853 mentem
2146 1793 2180 1854 a
2195 1793 2287 1857 vi-'

498 1918 592 1998 tijs
617 1913 696 1977 ad
724 1915 993 1978 virtutes,
1009 1909 1188 1990 longo
1216 1908 1410 1971 veluti
1436 1908 1817 1991 postliminio,
1837 1931 2285 1985 reuocatam3ac

501 2036 771 2125 proinde,
789 2051 1012 2098 remota
1039 2032 1111 2095 ab
1139 2035 1267 2093 eius
1293 2031 1482 2093 oculis
1511 2033 1741 2118 longius
1771 2037 1916 2101 vitia
1944 2037 2286 2120 circumspi-

503 2164 636 2223 cies.
654 2161 726 2222 In
743 2178 871 2243 quo
891 2155 1142 2242 quidem
1159 2158 1363 2238 Opere
1381 2157 1629 2221 eandem
1655 2159 1883 2243 prorsus
1900 2177 2288 2244 artem‚quam

507 2289 571 2348 in
588 2283 740 2346 Sixti
769 2281 882 2343 lv.
913 2278 1216 2341 pontificis
1241 2278 1493 2347 Sacello,
1520 2303 1641 2344 non
1665 2282 1782 2344 fine
1813 2287 2072 2345 maxima
2101 2284 2288 2346 admi-

510 2410 756 2477 ratione,
774 2404 1119 2488 speciamus:
1134 2401 1426 2485 siquidem
1442 2402 1574 2473 Vir,
1586 2406 1909 2469 Artificum
1931 2405 2288 2479 clariffimuS,

513 2536 573 2593 in
595 2549 721 2614 quo
745 2526 1003 2591 maxime
1029 2527 1306 2596 excellat,
1333 2544 1539 2591 Vtrum
1568 2534 1627 2592 in
1664 2530 1902 2593 Piclura
1920 2575 1934 2598 ,
1956 2552 2029 2592 an
2056 2533 2288 2593 veroin

516 2654 840 2736 Sculptura
871 2692 887 2720 ,
908 2649 1170 2713 dubium
1194 2650 1363 2713 nobis
1391 2652 1652 2737 reliquit:
1678 2653 1795 2716 hoc
1825 2677 2020 2719 vnum
2048 2653 2287 2717 certiffi-

519 2798 714 2844 mum,
740 2773 969 2838 summa
997 2772 1439 2839 Architeclurae
1468 2782 1705 2859 peritia,
1733 2800 1853 2840 non
1880 2779 2060 2840 modo
2090 2801 2288 2842 recen-

522 2901 721 2964 tiores,
748 2897 847 2959 sed
875 2900 1233 2982 antiquiores
1258 2903 1437 2962 etiam
1461 2899 1902 2981 sapientissimos
1926 2901 1997 2962 ab
2021 2925 2089 2963 eo
2117 2900 2288 2985 longe*

523 3018 840 3102 superatos,
858 3022 1156 3103 presertim
1181 3021 1224 3082 fi
1251 3022 1329 3084 ad
1363 3025 1643 3087 Vaticani
1662 3026 1905 3110 Templi
1932 3026 2286 3089 struGturam

524 3140 764 3225 species,
788 3161 1042 3224 eamque
1068 3147 1370 3229 praecipue
1397 3145 1565 3209 sacrae
1593 3148 1846 3211 Bafilicae
1873 3167 2128 3232 partem,
2155 3170 2289 3233 quae

2027 3273 2207 3356 ipfius
