2492 3741
643 273 660 317 1
688 275 723 319 2
746 272 780 315 z
876 259 891 279 ⁸

519 353 620 417 des
644 372 849 415 omnes
881 348 1185 412 Aeneidos
1209 345 1416 415 libros,
1442 343 1516 407 ad
1546 344 1859 407 Etruscum
1887 343 2305 427 Guidiccionij

519 477 814 560 pledrum
837 520 850 543 ,
876 476 1139 537 maxima
1183 494 1325 534 cum
1364 469 1744 532 iucunditate
1767 468 2083 532 decantent
2110 495 2122 530 :
2162 491 2311 531 non-

520 624 597 664 ne
628 600 791 662 idem
829 598 987 661 hisce
1029 594 1396 660 carminibus
1430 592 1709 677 apposuit
1745 593 2108 676 prolusiones
2139 565 2315 655 omni¹

519 724 864 786 eruditione
902 721 1139 784 refertas
1164 767 1176 789 ‚
1211 719 1435 806 quibus
1464 717 1543 781 ad
1568 718 1808 794 Caelum
1838 720 2072 781 extollit
2100 719 2309 780 Maro·

520 870 655 910 nem
684 871 698 914 3
727 845 996 929 adeoque
1023 863 1093 907 vt
1132 863 1202 906 tu
1226 868 1367 908 eum
1397 841 1603 908 videas
1632 842 1706 908 ab
1731 841 1908 908 Elifio
1934 887 1947 910 ‚
1977 841 2147 927 quod
2172 842 2311 912 ille)

518 970 749 1034 colebat
773 1016 787 1038 ,
821 985 1146 1031 euocatum
1175 1011 1188 1037 ,
1219 987 1398 1054 atque
1440 968 1590 1029 inter
1627 967 1812 1030 sidera
1854 967 2107 1034 relatum
2142 970 2312 1038 ?,ita..·

517 1094 747 1177 aedepol
774 1093 854 1154 est
884 1119 894 1154 :
932 1092 1029 1154 sed
1052 1092 1126 1153 ab
1157 1093 1367 1155 eadem
1393 1094 1680 1174 primaria
1703 1092 1835 1155 sede
1856 1127 1872 1165 1,
1900 1112 2090 1177 quarn
2119 1089 2313 1153 soluta

516 1223 783 1281 oratione
811 1217 884 1277 ab
916 1220 1043 1301 ipso
1078 1216 1268 1279 Laelio
1302 1233 1568 1301 paratam
1595 1216 1699 1277 fibi
1730 1218 1998 1300 Principi
2026 1217 2309 1280 VatunL,

517 1344 824 1426 aspexerat
849 1343 1059 1409 Maro,
1089 1342 1358 1404 eiusdem
1392 1340 1679 1418 Ausonijs
1705 1339 1879 1421 ligata
1903 1345 2167 1405 numeris
2195 1342 2315 1403 Ae-

517 1466 724 1527 neidos
753 1465 1026 1528 verfione
1051 1512 1064 1536 ,
1087 1464 1218 1550 post
1237 1466 1494 1548 epulum
1518 1434 1685 1547 qnafi
1713 1463 2022 1531 modulata
2047 1508 2062 1533 ,
2087 1469 2148 1526 ὅς
2172 1462 2315 1526 den-

517 1586 815 1669 tiscalpio,
835 1602 905 1649 vt
926 1588 1006 1646 ita
1032 1588 1229 1648 dicam
1247 1634 1260 1655 ‚
1285 1611 1409 1651 non
1440 1587 1675 1649 calamo
1700 1592 2083 1655 concinnata,
2114 1585 2314 1650 detur·

518 1711 658 1772 bare
684 1712 735 1769 se
769 1709 1200 1790 videt.Qu2'1m
1227 1707 1402 1789 longe
1421 1752 1434 1776 ‚
1454 1708 1551 1769 ille
1580 1711 1987 1790 inquit‚dietis
2017 1729 2123 1773 tua
2149 1708 2316 1780 faita,

429 1902 431 1904 ,
519 1835 557 1895 ὸ
590 1834 736 1895 Laeli
766 1876 778 1901 ,
813 1831 923 1893 sese
949 1831 1172 1891 habent
1199 1838 1211 1889 !
1250 1832 1452 1891 labore
1481 1852 1617 1892 meo
1642 1850 1870 1919 partam
1900 1835 2153 1916 gloriam?
2180 1836 2317 1901 iure

518 1975 632 2021 tuo
670 1962 732 2019 in
772 1974 827 2018 te
868 1949 1244 2018 transuehis:
1284 1971 1379 2016 me
1414 1948 1699 2016 miserum
1732 1962 1744 2017 ἔ,
1785 1955 1943 2019 sarna
1976 1962 2317 2023 maximum

516 2085 686 2150 facis,
711 2098 780 2144 vt
804 2098 874 2142 tu
898 2092 1286 2163 comparatus
1318 2074 1502 2137 modo
1530 2075 1711 2148 mihi,
1728 2080 1902 2164 longe
1932 2081 2318 2163 praestantiffi-

519 2230 655 2270 mus
683 2203 945 2270 videaris
972 2228 984 2264 ε
1015 2202 1328 2286 Ρῐκῑετεέι.
1359 2222 1560 2262 nonne
1593 2219 1729 2266 tuas
1759 2203 2074 2269 mellifluas
2101 2207 2320 2291 postre-

521 2335 623 2398 mo
662 2333 848 2393 editas
883 2329 1130 2411 Eclogas
1176 2367 1190 2394 ,
1226 2323 1434 2386 nostris
1476 2327 1701 2392 omissis
1725 2374 1738 2399 ,
1777 2328 1930 2397 dies,
1959 2331 2319 2418 noelesque)

524 2462 759 2522 Latinae
800 2457 982 2517 etiam
1021 2448 1285 2513 Pierides
1327 2470 1548 2514 canunt
1577 2459 1602 2516 ?
1647 2452 1766 2516 Sed
1800 2452 1898 2514 hic
1926 2453 2185 2518 miserari
2217 2456 2316 2519 de-

526 2603 618 2647 cet
655 2580 859 2643 casum
902 2580 1080 2638 nimis
1123 2577 1284 2656 anxij
1335 2575 1510 2640 Vatis
1553 2602 1566 2646 ·,
1619 2577 1774 2639 mihi
1822 2593 2026 2641 autem
2064 2581 2319 2661 gratula-

529 2714 577 2770 ri
617 2754 630 2778 ,
679 2710 790 2791 qui
835 2711 899 2766 in
952 2705 1021 2785 ijs
1058 2742 1071 2766 ‚
1115 2702 1255 2763 licet
1293 2703 1593 2764 immerito
1620 2748 1635 2773 ,
1675 2702 1912 2767 laudari
1951 2725 2045 2763 me
2085 2702 2313 2769 sentio:

530 2853 714 2917 quam
759 2828 1009 2917 quidem
1058 2826 1514 2909 gratulationem
1558 2833 1702 2891 meis
1744 2825 2143 2897 adeumdem
2188 2828 2315 2890 1.ae-

532 2959 681 3018 lium
720 2958 922 3018 litteris
962 2951 1234 3014 testatam
1282 2952 1460 3014 volui
1486 2977 1499 3023 ς
1530 2960 1684 3037 easq,
1722 2954 1944 3037 pariter
1976 2948 2054 3013 ad
2085 2968 2142 3014 te
2181 2953 2315 3016 mit-

531 3099 594 3143 to
622 3125 635 3149 ‚
662 3097 734 3142 vt
763 3101 834 3139 ex
867 3081 930 3158 ijs
959 3076 1132 3138 facile
1163 3075 1454 3159 intelligas
1478 3122 1491 3146 ,
1519 3096 1645 3160 quo
1669 3099 1780 3161 ego
1803 3071 2128 3159 prosequor
2153 3074 2316 3137 obse-

531 3210 681 3288 quio
712 3245 725 3272 ,
759 3221 937 3284 atque
965 3223 1169 3263 amore
1204 3200 1710 3266 humanissimum
1735 3202 1962 3265 Virum
1990 3220 2004 3266 ς
2030 3202 2208 3262 cuius
2232 3197 2320 3262 so-

2015 3321 2230 3391 lidum,
