2492 3741
593 197 687 277 28

479 337 597 404 gno
644 303 994 375 Alexandro
1047 302 1290 366 diuinos
1337 297 1555 361 tribuit
1598 293 1883 356 honores.
1931 294 2107 380 Qid
2134 316 2266 380 par..

483 442 633 506 uula
670 437 861 498 Lauri
906 428 1216 495 arbuscula
1251 472 1264 496 ,
1302 430 1363 488 ὃς
1412 422 1618 486 adulta
1655 419 1919 486 perfica,
1945 419 2053 480 nis1
2087 421 2150 482 id
2177 423 2267 502 ip.

485 570 616 631 sum
642 609 655 633 ‚
689 558 856 646 quod
893 561 956 619 in
993 552 1274 616 Aedibus
1316 549 1525 613 Seueri
1565 543 1764 610 visum
1810 542 2009 605 fuerat
2041 590 2054 614 ‚
2091 545 2278 605 cuius>

487 690 758 754 natalitio
797 684 894 745 die
942 696 1079 742 nata
1127 681 1369 743 Laurus
1422 671 1706 736 annosam
1751 669 2039 733 perficam
2073 713 2088 737 ‚
2136 688 2274 751 quae

490 820 658 874 iuxta
697 810 862 868 illam
906 820 1032 863 erat
1070 846 1084 870 ‚
1124 801 1278 864 infra
1326 821 1553 863 annum
1590 846 1602 868 ,
1641 799 1996 881 proceritate
2038 792 2276 875 supera-

491 939 636 998 uit?
680 927 850 1013 quod
881 948 1059 987 omen
1099 924 1218 988 fuit
1243 972 1256 995 ‚
1306 922 1500 986 Persas
1540 925 1651 985 effe
1688 924 1722 983 a
1763 921 1990 984 Seuero
2029 924 2278 984 vincen-

494 1061 639 1120 dos,
684 1056 896 1118 Altera
931 1050 1079 1114 vero
1118 1049 1378 1112 ambitus
1422 1070 1555 1133 pars
1586 1092 1599 1119 ‚
1632 1068 1832 1110 nonne
1871 1045 2139 1108 eiusdem
2181 1044 2280 1105 Se-

495 1186 630 1245 ueri
663 1195 919 1240 mortem
963 1173 1220 1237 ostendit
1256 1180 1281 1235 ?
1325 1174 1512 1257 quam
1561 1173 1712 1239 vero
1754 1171 1954 1235 breuis
1989 1171 2087 1232 ille
2124 1168 2281 1230 orbis

496 1301 707 1389 aperte,
734 1299 1015 1383 praedicat
1038 1343 1051 1366 ,
1098 1300 1310 1359 nostrae
1343 1304 1485 1361 vitae
1515 1317 1725 1360 ortum
1774 1297 1929 1360 nihil
1967 1293 2179 1357 distare
2208 1290 2284 1352 ab

499 1424 713 1491 occasu
740 1430 752 1482 ἱ
790 1425 1088 1481 cernimus
1115 1427 1280 1480 enim
1309 1417 1525 1481 eodem
1561 1422 1623 1479 in
1653 1434 1988 1483 toreumate
2017 1465 2031 1487 ,
2061 1425 2125 1479 in
2163 1436 2289 1498 quo

499 1546 683 1613 modo
719 1543 990 1609 vidimus
1024 1544 1355 1624 parientem
1388 1541 1654 1603 Matrem
1684 1585 1697 1612 ,
1720 1565 1886 1606 nunc
1915 1541 2288 1607 Foeminam.)

505 1676 746 1737 alteram
772 1665 1145 1750 sarcophagis
1171 1666 1586 1735 incubantem,
1604 1671 1778 1728 cuius
1806 1667 1839 1728 e
1868 1668 2113 1731 dextera
2138 1667 2293 1730 dela·-

503 1798 641 1882 psus
661 1792 886 1857 decidit
914 1791 1192 1853 tedarum
1222 1793 1589 1875 manipulus,
1603 1796 1712 1877 qui
1736 1794 1856 1853 iam
1887 1797 2263 1873 extinguitur
2281 1835 2297 1860 ‚

508 1919 767 1992 mediam
798 1918 948 1976 inter
975 1912 1286 1974 seniorem
1307 1913 1572 1982 Virum,
1595 1915 1801 1978 hastile
1817 1917 2217 1984 sustinentem,
2236 1920 2299 1977 &

507 2047 845 2108 Iuniorem,
872 2041 1139 2099 inuicem
1165 2036 1697 2120 speetantessquafi
1723 2041 1937 2105 referat
1959 2043 2058 2104 ille
2087 2042 2298 2104 Seueri

505 2161 967 2246 Imperium‚hic
982 2158 1282 2242 quamdiu
1307 2161 1530 2222 vixerit
1551 2161 1899 2245 Imperator.
1913 2167 2194 2241 Proxime
2210 2161 2302 2224 his

512 2281 874 2366 imaginibus
905 2282 1073 2350 hinc,
1106 2290 1220 2366 atq,
1245 2281 1387 2345 hinc
1416 2286 1664 2365 geminae
1691 2304 1982 2367 apparent
2008 2303 2298 2370 tanquam

513 2413 859 2476 Laruarum
879 2406 1072 2475 facies,
1090 2407 1273 2470 tristes
1293 2431 1360 2470 ac
1378 2406 1617 2469 flebiles.
1638 2407 1879 2471 Adsunt
1895 2414 1956 2471 ὃς
1984 2408 2112 2470 Fici
2135 2411 2303 2474 arbo-

518 2558 603 2597 res
630 2551 757 2601 tres,
778 2530 1339 2596 Alexandrinarum
1366 2535 1608 2595 nomine
1636 2533 1942 2616 infignitae,
1960 2553 2091 2616 quae
2119 2535 2304 2616 paulo

521 2675 653 2720 ante
690 2654 897 2718 Seueri
931 2654 1170 2718 obitum
1199 2702 1212 2725 ‚
1245 2656 1513 2741 repente,
1541 2680 1610 2719 ac
1639 2656 1970 2741 portentose
1988 2703 2002 2726 ‚
2030 2680 2152 2719 non
2177 2681 2300 2721 ma-

520 2802 608 2843 nu
640 2825 653 2847 ,
693 2779 789 2842 sed
813 2779 1051 2844 turbine
1079 2826 1091 2848 ,
1124 2782 1309 2864 prope
1342 2786 1669 2845 tentorium
1710 2783 1927 2845 euulsae
1967 2781 2101 2844 sunt
2126 2829 2139 2842 .
2185 2781 2244 2844 V
2256 2786 2304 2844 i-

522 2904 732 2965 demus
764 2904 1197 2987 ibidem,quafi
1229 2909 1292 2967 in
1317 2906 1673 2970 numismate
1706 2902 2009 2974 excusam,
2036 2905 2299 2970 Philoso-

525 3025 760 3108 phantis
791 3025 1046 3110 effigiem
1077 3053 1088 3088 :
1127 3031 1172 3088 is
1202 3033 1291 3091 ori
1320 3054 1506 3095 manu
1533 3030 1775 3095 admota
1798 3077 1812 3100 ,
1844 3052 1949 3093 nos
1977 3047 2210 3100 monet,
2233 3030 2299 3092 fi-

527 3150 781 3211 lentium
825 3153 1123 3235 imperans
1155 3197 1169 3221 ,
1207 3172 1281 3214 ne
1320 3156 1406 3218 illi
1450 3155 1728 3221 turbetur
1763 3159 1928 3239 quies
1956 3200 1970 3225 ,
2010 3176 2131 3239 qua
2170 3158 2297 3218 eius

2098 3301 2215 3340 ma·
