2492 3741
1813 240 1894 313 15

227 324 306 365 rae
327 308 721 377 miraculum,
737 309 924 393 quam
949 309 1126 393 supra
1154 308 1366 371 Artem
1385 313 1684 379 coloribus
1711 323 2013 383 animane-

225 430 303 489 rit
329 476 341 499 ‚
372 429 598 517 assequi
634 432 872 496 tantum
910 435 1260 496 coniectura
1290 436 1598 518 possumus
1627 466 1640 502 :
1680 441 2015 526 siquidem,

223 556 560 619 coloratum
592 558 705 620 hoc
740 557 983 619 Caelum
1011 604 1024 627 ‚
1050 556 1326 622 obductis
1358 563 1556 626 Veluti
1582 565 1846 627 nubibus
1872 612 1884 633 ‚
1911 569 2019 630 ist)

221 680 468 760 praesens
493 683 828 753 occulitur,
870 687 1104 766 quippe
1143 685 1420 747 nondum
1451 689 1743 752 retectum
1773 691 1848 753 ab
1879 693 2017 753 Au-

220 801 391 865 thore
417 806 500 865 est
525 829 539 874 3
576 824 646 869 vt
671 811 733 868 in
761 810 889 868 eius
915 823 974 868 te
1015 806 1475 873 admirationem
1514 812 1735 874 aliosne
1763 837 2013 897 rapere)

216 928 384 989 nulla
416 928 565 992 mihi
596 931 849 994 facultas
875 929 944 992 fit
968 976 981 999 ‚
1009 931 1202 1015 Vsque
1228 933 1382 996 dum
1412 933 1478 995 id
1500 935 1690 998 visere
1721 981 1734 1003 ‚
1764 936 2013 999 reducto

214 1053 379 1122 velo,
407 1054 613 1118 liceat.
646 1054 1040 1140 quamobrem
1069 1077 1145 1117 ex
1164 1059 1331 1119 Aula
1348 1041 1545 1139 oc3'7us
1570 1058 1647 1119 ad
1665 1063 2013 1122 interiorem

212 1175 496 1241 Domum
528 1202 863 1245 euocamur
891 1230 901 1241 .
954 1181 1158 1244 Primo
1185 1184 1372 1263 igitur
1397 1182 1570 1245 nobis
1597 1187 1659 1244 in
1685 1183 1878 1246 fronte
1914 1207 2020 1246 oc-

208 1306 400 1365 currit
424 1323 609 1366 ouata
626 1306 827 1396 veluti
862 1306 1128 1376 Exedra,
1147 1306 1402 1389 geminis
1428 1307 1585 1388 ostijs
1603 1327 1811 1392 patens
1830 1307 2015 1378 ,sum-

206 1445 309 1486 mo
335 1428 437 1489 illa
467 1405 724 1491 artificio
740 1430 1030 1497 extructa,
1048 1450 1115 1490 ac
1137 1433 1491 1488 marmoreis
1514 1433 1792 1511 Vndique
1814 1434 2012 1494 Simu·

203 1552 377 1615 lacris
414 1550 842 1634 elegantissime*
878 1564 1128 1616 ornata3
1159 1547 1456 1631 litterarijs
1483 1554 2012 1617 exercitationibus

203 1674 425 1758 nempe*
459 1673 854 1736 accommoda
875 1693 1091 1758 3quam
1116 1676 1178 1735 &
1205 1673 1354 1735 olim
1387 1696 1499 1757 ego
1528 1674 1605 1737 ab
1626 1673 1752 1760 ipso
1786 1677 2014 1741 Princi-

202 1824 280 1885 pe
305 1799 383 1859 ad
410 1798 576 1859 hunc
607 1797 784 1861 Vsum
808 1798 1295 1862 commendatam
1322 1804 1605 1862 memini.
1639 1799 1747 1864 Ad
1770 1802 2007 1875 laeuam,

203 1923 583 1986 Procoetones
607 1925 736 1986 duo
767 1924 877 1985 sese
911 1922 1201 1990 offerunt,
1219 1928 1280 1982 in
1307 1941 1577 2005 quorum
1606 1927 1795 1988 altero
1815 1927 2009 1992 Sacel-

199 2048 329 2110 lum
360 2049 659 2131 panditur
691 2094 704 2117 ,
733 2047 893 2109 sacra
921 2043 1287 2125 supellectile
1315 2091 1328 2113 ‚
1358 2068 1482 2107 non
1513 2049 1715 2112 minus
1742 2095 1756 2118 ,
1783 2054 2009 2135 quam-2

203 2169 593 2233 Cortonenfis
624 2173 882 2235 Picluris
908 2165 1271 2230 ditissimum
1305 2192 1318 2237 ς
1348 2173 1454 2232 cui
1489 2172 1725 2252 praeest,
1750 2174 2008 2241 laudatae

201 2294 324 2356 Vir
360 2297 621 2378 pietatis,
646 2293 942 2356 Horatius
974 2292 1365 2375 Spicarellius
1391 2337 1405 2360 ,
1432 2292 1733 2379 Principis
1760 2298 1943 2362 nostri
1976 2303 2011 2364 ἐι

199 2417 485 2502 Syrmate
503 2444 515 2479 :
531 2437 679 2486 tum,
696 2416 841 2480 hinc
858 2433 1039 2501 atque
1059 2416 1546 2487 hinc,innumera
1568 2420 1775 2502 prope,
1792 2429 1853 2485 ὅτ,
1873 2430 2010 2508 qui-

197 2542 340 2606 dem
371 2541 734 2627 amplissima
767 2587 780 2609 ,
809 2540 1129 2604 Cubicula
1160 2541 1447 2604 adiuncla
1474 2539 1844 2624 speciantur.
1878 2548 2002 2610 To-

195 2671 383 2734 tidem
409 2666 755 2753 pari-ter,ad
787 2665 1100 2730 dexteram
1120 2667 1558 2736 ,Procoetones,
1595 2675 1656 2731 ὃ(
1685 2674 1996 2756 Vtrimque

193 2795 468 2860 extructa
486 2793 665 2874 longa
683 2792 824 2853 ierie
842 2790 1184 2855 Cubicula.
1231 2792 1291 2852 E*
1331 2790 1758 2856 Procoetonum
1778 2795 1996 2879 postre-

199 2944 301 2984 mo
338 2925 400 2986 in
430 2916 719 2984 Subdiale
747 2921 977 2986 exitur,
1002 2919 1198 2985 lauro,
1218 2933 1476 3001 Vtroque
1509 2923 1776 3002 margine
1797 2967 1809 2990 ‚
1830 2945 2000 2986 orna-

197 3063 332 3111 tum
364 3045 527 3128 3qua
564 3062 707 3106 mox
744 3040 821 3104 ad
861 3044 1167 3106 summum
1197 3044 1579 3122 Qirinalern
1610 3052 1996 3127 peruenitur,

197 3190 451 3239 amoeno,
463 3169 752 3254 mollique
780 3165 1145 3252 compendio
1160 3215 1174 3229 .
1186 3166 1370 3236 Hinc,
1395 3167 1608 3251 quaess,
1623 3171 1911 3255 tantisper
1929 3177 1991 3237 in

1701 3296 1904 3359 Aedes
