2492 3741
1723 236 1852 310 ¹45

193 323 397 365 coram
424 303 849 390 sapientissimo
882 308 1080 372 nostro
1117 309 1334 374 Senatu
1374 310 1426 374 fi:
1457 315 1714 378 contulit
1755 319 1966 384 adlu-

191 426 600 510 risprudentiae
641 429 904 494 lauream
939 435 1330 518 capiendam:
1373 435 1651 498 admirati
1679 438 1807 499 sane
1835 442 1967 507 sunt

189 552 454 634 Augusti
499 553 698 618 Patres
734 558 1061 640 multiplici
1100 558 1508 622 dofirinarum
1551 581 1772 623 corona
1814 564 1965 625 redi-

186 678 404 739 mitum
435 677 681 762 Caput;
719 681 993 767 adeoque
1024 682 1150 747 visa
1187 681 1303 744 fuit
1331 682 1551 745 viuido
1584 685 1781 747 colore
1807 682 1963 751 fion-

185 798 416 863 destere
446 803 684 874 laurus,
713 823 784 869 vt
827 808 950 890 ipsa
995 805 1220 868 Astraea
1248 850 1261 875 ‚
1289 828 1401 890 pro
1444 806 1680 873 iustitiae
1722 810 1961 894 integri-

182 942 317 996 tate,
334 948 454 991 non
483 929 732 994 auderet
754 947 936 994 totam
963 930 1122 1001 illius
1148 929 1254 993 fibi
1275 930 1531 994 frontem
1561 934 1955 1001 vendicare).

176 1051 344 1115 Inter
369 1070 593 1118 tantam
620 1058 896 1117 omnium
921 1055 1214 1125 laetitiam,
1245 1059 1436 1122 veluti
1477 1078 1682 1121 omnes
1708 1058 1957 1122 Germa-

174 1178 239 1240 ni
269 1176 448 1243 effent
474 1224 489 1248 ‚
518 1185 579 1242 &
615 1177 911 1260 Holstenij
950 1178 1150 1244 ftatres
1183 1187 1485 1264 germani,
1511 1203 1735 1267 caepere
1772 1185 1955 1247 nostri

169 1303 368 1366 Ciues
400 1323 543 1365 eum
581 1304 755 1365 enixe
797 1325 1004 1385 rogare
1039 1349 1053 1373 ,
1094 1322 1167 1369 vt
1199 1308 1321 1389 ipse
1357 1305 1433 1369 ab
1472 1305 1955 1371 Eminentissimo

168 1426 454 1510 Principe
487 1474 503 1497 ,
548 1430 655 1489 cui
706 1427 1076 1493 carissimum
1132 1449 1501 1513 agnouerant
1541 1477 1556 1500 ‚
1610 1436 1953 1511 impetraret

163 1550 449 1637 quasdam
471 1596 485 1620 ,
511 1553 575 1619 in
609 1550 988 1619 Germanicae
1028 1553 1096 1616 N
1100 1556 1311 1617 ationis
1339 1548 1736 1613 commodum
1762 1594 1776 1617 ,
1809 1571 1953 1631 prae-

160 1677 476 1760 rogatiuas‚
491 1675 713 1759 quibus
739 1675 931 1740 illedia
952 1674 1184 1756 inclyta
1207 1693 1344 1754 gens
1367 1672 1468 1735 illa
1489 1672 1567 1735 ad
1593 1672 1948 1739 Perusinum

156 1800 438 1864 libentins
466 1797 796 1866 conflueret
820 1797 1233 1878 Gymnafium,
1261 1819 1275 1862 ς
1309 1813 1456 1875 quas
1482 1795 1688 1861 adhuc
1718 1797 1752 1862 a
1782 1796 1946 1863 beni.

150 1929 379 2010 gnitate
406 1924 697 2006 Principis
711 1966 724 1990 ,
739 1919 866 2005 ipso
888 1920 1262 2001 implorante,
1279 1922 1343 1984 ὃς,
1370 1917 1800 1991 intercedente,
1816 1927 1944 1986 aui..

153 2050 230 2118 de
263 2049 653 2131 expessarnus
683 2095 695 2106 .
734 2045 852 2111 His
878 2041 1077 2111 distis,
1094 2041 1360 2109 Carmen
1381 2040 1651 2110 hilariter
1678 2049 1943 2131 aecipio3

152 2171 323 2260 quod
347 2171 426 2236 ad
450 2187 507 2241 te
537 2174 741 2234 mitto„

712 2368 1048 2452 Eiusdem
1082 2374 1430 2460 Carmen,

453 2570 541 2616 AD
577 2565 1150 2613 EMINENTISSIMVM
1188 2562 1628 2611 CARDINALEM

155 2703 962 2773 FRANCISCVM
1062 2699 1934 2801 BARBERINVM-s.

251 2868 350 2939 De
367 2868 705 2949 M.Aurelij
726 2868 1027 2935 Antonini
1043 2866 1264 2953 Imp&
1279 2843 1641 2953 Philosophi
1655 2853 1833 2927 libris,

153 3060 416 3113 CAESARIS
438 3075 497 3111 en
521 3059 601 3108 M
608 3073 730 3109 ARct
750 3052 897 3123 tersts
922 3046 1006 3104 tibi
1026 3046 1222 3124 pumice
1248 3040 1442 3107 libros,

292 3186 361 3237 Se
389 3181 570 3261 quibus
592 3177 747 3253 officis
770 3191 1033 3232 commonet
1060 3173 1153 3253 ipſs·
1164 3174 1251 3243 sui
1265 3209 1274 3218 ·
1602 3230 1608 3232 ν

1353 3295 1418 3359 T
1730 3302 1774 3354 F
1776 3322 1853 3356 or-
