2492 3741
199 1557 212 1583 Ὢ
231 1592 253 1599 “
283 1555 363 1637 '1
781 1591 888 1657 61ae
909 1586 1807 1673 floribus‚fi·ugibusq·,tabulae;
1835 1610 1960 1655 non

210 1692 273 1766 ’ἐκ
344 1721 376 1770 ὅ
536 1705 560 1709 “
783 1716 1105 1800 pigmentis
1124 1717 1375 1779 mentita
1398 1735 1682 1784 nemora,
1710 1736 1833 1777 non
1859 1736 1960 1801 pe-

783 1839 995 1903 nicillo
1009 1842 1314 1903 corriuata
1343 1837 1603 1900 flumina
1618 1863 1632 1900 :
1649 1841 1833 1923 varijs
1846 1838 1961 1902 hu-

655 1934 681 1957 }
783 1960 1048 2027 iusmodi
1086 1960 1339 2046 pieturis
1365 1959 1611 2024 Natura
1639 1962 1765 2047 ipsa
1787 2006 1803 2035 ,
1831 1980 1962 2028 tan-

157 2104 344 2171 quam
382 2088 446 2149 in
470 2086 676 2152 tabula
698 2132 715 2157 ,
751 2089 951 2172 pingit
981 2084 1248 2150 humum
1280 2134 1293 2147 .
1341 2083 1497 2149 Non
1532 2085 1616 2148 est
1656 2088 1810 2158 tibi,
1836 2087 1963 2152 Vir

158 2209 625 2295 prudentissime
650 2255 664 2280 ‚
712 2228 944 2276 aetatem
993 2214 1123 2274 ruri
1164 2209 1406 2294 degenti
1448 2255 1464 2281 ,
1499 2209 1722 2294 fiffitijs
1761 2210 1960 2282 hisee,-

157 2334 422 2420 gaudere
462 2333 814 2399 coloribus:
855 2354 963 2400 tua
1010 2337 1173 2400 enim
1220 2335 1548 2398 Coloniola
1584 2334 1760 2399 Villa
1797 2383 1813 2407 ‚
1853 2338 1961 2401 sub

159 2459 555 2523 amoeniffimo
583 2461 755 2524 Caelo
774 2506 787 2530 ‚
817 2480 1025 2546 potens
1069 2460 1255 2525 vbere
1287 2457 1473 2543 glebae
1501 2456 1585 2520 est
1614 2481 1628 2528 3
1652 2476 1832 2544 atque
1859 2460 1960 2525 hic

161 2586 355 2650 Florae
379 2603 504 2650 tota
528 2584 783 2654 familia,
817 2584 1155 2669 Pomonaeq3
1184 2583 1406 2646 soboles
1433 2583 1643 2646 colunt
1662 2599 1798 2646 tuos
1823 2584 1961 2649 hor·

164 2728 256 2774 tos
289 2753 305 2781 ,
326 2731 662 2795 eorumque
688 2707 952 2773 flexuosa
984 2710 1334 2774 ambulacra
1354 2708 1614 2793 Syluani
1644 2713 1953 2793 progenies

163 2835 487 2900 obumbrat
516 2885 529 2899 .
576 2834 1020 2899 Ruricolarum
1068 2831 1367 2896 nobilium
1408 2832 1618 2895 oculos
1665 2832 1955 2899 reficiunt

168 2959 402 3048 potius,
434 2983 504 3024 ac
533 2976 797 3023 recreant
831 2958 1069 3043 depifia
1091 2956 1426 3026 Aedificia,
1454 2957 1743 3021 Heroum
1778 2957 1957 3022 fimu-

168 3089 329 3151 lacra
360 3110 374 3146 :
400 3084 554 3169 quid
579 3087 762 3169 igitur
802 3086 1025 3146 mirum
1054 3125 1068 3153 ‚
1097 3080 1142 3143 fi
1176 3099 1297 3144 tam
1338 3080 1608 3143 iucunde
1650 3086 1957 3167 exceperis

172 3210 252 3276 ad
290 3228 348 3275 te
381 3208 601 3274 delatas
639 3206 913 3273 Aedium
947 3205 1409 3270 Barberinarum
1432 3251 1447 3274 ,
1477 3210 1541 3269 ὅς
1566 3204 1954 3269 Cortonenfis

1266 3329 1337 3396 H
1423 3352 1463 3394 2
1538 3331 1541 3341 “
1673 3328 1871 3396 Pictu-
