2492 3741
1713 235 1852 311 193

273 293 431 380 Ergo
453 301 828 384 dignissimus
843 302 1042 369 Heros
1068 306 1104 369 a
1125 304 1402 371 faernineis
1427 310 1696 376 lamentis
1729 317 1806 377 ad
1828 339 1964 379 con-

185 425 639 508 templationem
673 432 975 495 virtutum
1009 431 1250 495 suarum
1279 455 1386 496 nos
1414 453 1597 499 vocat
1620 483 1633 506 ,
1667 459 1812 520 quas
1851 462 1960 503 nec

181 545 384 631 lugere
418 592 432 619 ‚
456 573 566 613 nec
593 552 868 618 lamentis
891 557 1168 640 prosequi
1197 554 1280 617 fas
1317 556 1399 618 est
1425 606 1436 617 .
1488 558 1716 623 Peritus
1741 562 1869 629 ille,
1898 568 1962 625 &

179 676 404 757 priuati
444 674 598 738 Iuris
639 722 654 746 ,
694 683 757 741 ὃς
805 680 1038 763 publici
1064 726 1078 749 ,
1112 697 1413 762 quantum
1457 681 1702 746 Poeseos
1730 731 1743 754 ,
1773 706 1961 770 quan-

176 814 310 862 tum
354 803 535 864 etiam
578 802 986 867 Historiarum
1021 803 1255 868 tenebat
1289 806 1301 866 !
1347 822 1420 869 vt
1466 807 1640 888 plane
1673 807 1956 873 doeirinis

174 924 455 986 omnibus
493 928 768 992 excultus
808 928 1124 993 videretur
1148 978 1160 989 .
1198 930 1401 992 Testes
1437 930 1571 994 sunt
1602 934 1954 1017 locupletes,

174 1046 587 1113 Bracciolinus
615 1095 629 1122 ,
662 1058 725 1116 &
757 1053 906 1117 Dux
939 1053 1267 1117 Lotharius
1310 1054 1387 1119 de
1423 1056 1773 1121 Comitibus
1808 1058 1955 1120 Viri

169 1174 511 1237 eruditione
557 1176 893 1258 praestantes
925 1222 940 1247 ,
985 1201 1054 1240 ac
1107 1179 1375 1265 Principi
1419 1183 1728 1262 gratissimi
1764 1229 1778 1253 ,
1819 1186 1953 1266 qui-

167 1296 277 1360 bus
332 1320 475 1360 curn
524 1308 569 1361 is
622 1303 936 1384 congrediv
966 1302 1268 1387 saepissime
1326 1305 1546 1371 solebat
1602 1357 1613 1368 .
1678 1308 1953 1372 Ornabat

162 1418 290 1482 haec
327 1423 694 1487 incredibilis
737 1427 1016 1509 quaedam
1059 1430 1506 1512 magnificentia
1532 1480 1544 1502 ‚
1571 1453 1704 1514 quae
1730 1450 1801 1492 vt
1843 1436 1953 1493 iri-³

163 1542 445 1629 Principe
484 1549 748 1612 maxime*-
788 1554 985 1616 elucet
1026 1599 1040 1623 ‚
1079 1557 1158 1615 ita
1198 1565 1260 1616 in
1308 1557 1534 1612 Carolo
1571 1548 1748 1631 supra
1783 1571 1950 1614 caete-

155 1687 249 1730 ras
274 1674 529 1735 virtutes
556 1674 887 1736 emicabat:
927 1670 1207 1753 adeoque
1234 1672 1320 1733 nil
1350 1678 1659 1757 antiquius
1689 1672 1908 1737 habuit
1929 1724 1944 1746 ,

154 1792 340 1876 quam
365 1819 440 1857 ne
466 1801 599 1881 quis
625 1816 832 1878 expers
871 1794 1240 1853 liberalitatis
1274 1791 1390 1854 suae
1419 1793 1624 1863 fieret-3
1665 1816 1734 1860 vt
1763 1821 1941 1861 nemo

149 1911 332 1983 fuerit
354 1961 369 1989 ‚
394 1919 472 1982 ad
505 1938 692 2002 quem
719 1936 844 1977 non
871 1913 1110 1999 aliquid
1142 1935 1218 1975 ex
1249 1915 1355 1977 illo
1381 1906 1796 2001 benigniffimo
1819 1922 1946 1985 fon-2

72 2017 77 2022 ⁸
142 2055 206 2104 te
233 2046 590 2106 manauerit.
620 2039 811 2122 Quod
836 2055 1039 2103 autem
1069 2038 1262 2123 prope*
1291 2041 1468 2121 supra
1493 2042 1679 2105 fidem
1702 2042 1785 2105 est
1808 2090 1819 2115 ,
1845 2046 1943 2108 be·-

146 2164 364 2230 neficia
387 2165 752 2250 petentibus,
774 2163 1144 2246 elai-giendo,
1173 2184 1492 2227 occurrere
1509 2165 1754 2238 solebat,
1776 2192 1940 2235 non-2

145 2289 341 2354 solum
357 2296 553 2375 rogari
577 2292 630 2352 se
646 2312 768 2353 non
782 2288 1145 2374 patiebatur.
1173 2306 1457 2371 expertus
1478 2292 1720 2374 loquor:
1749 2295 1941 2357 Inam-

146 2413 397 2481 bulabat
435 2419 481 2478 is
518 2416 846 2500 aliquando
885 2417 945 2477 in
989 2413 1197 2477 Hortis
1244 2412 1573 2496 Pontificijs
1600 2461 1612 2485 ,
1639 2423 1701 2482 ὥς
1734 2419 1938 2501 <quod

147 2540 300 2603 bene
327 2544 614 2617 memini)
643 2564 788 2604 cum
821 2535 1232 2625 Capisucchio
1265 2536 1342 2600 de
1379 2538 1556 2601 rebus
1585 2542 1935 2605 militaribus

148 2666 298 2727 serio
335 2666 545 2748 agebat
576 2691 589 2736 3
624 2689 730 2729 nos
761 2711 775 2736 ‚
814 2683 883 2730 vt
920 2667 1097 2728 moris
1145 2661 1228 2723 est
1265 2707 1280 2732 ,
1317 2660 1484 2726 haud
1523 2665 1699 2748 longe
1735 2667 1936 2751 seque,

150 2788 403 2859 bamur,
432 2796 496 2854 &
530 2793 992 2872 varia-inuicem
1035 2787 1426 2850 miscebamus
1466 2792 1806 2875 colloquia:
1847 2794 1935 2855 inv

147 2915 334 2978 iecstus
355 2915 437 2976 est
462 2931 667 2978 autem
694 2914 882 2977 sermo
903 2917 977 2978 de
1003 2911 1425 2996 Thrasymeno
1446 2915 1624 2979 Lacu
1651 2959 1664 2986 ,
1687 2909 1960 3001 eiusque'

151 3043 449 3103 locatione
478 3066 492 3111 3
521 3057 653 3104 tum
693 3061 841 3122 ego,
868 3045 1118 3118 Quanta
1143 3038 1368 3101 Vtilitas
1399 3042 1486 3102 ex‘
1507 3039 1690 3104 huius
1727 3042 1928 3104 Lacus

148 3164 549 3228 condufflone
571 3168 799 3250 percipi
831 3163 1051 3246 potest!
1090 3164 1283 3243 attigit
1310 3162 1425 3225 hoc
1453 3165 1645 3228 nescio
1679 3167 1931 3250 quomo-

1191 3286 1239 3349 B
1256 3285 1296 3348 b
1576 3289 1658 3352 do
1687 3292 1848 3351 Prin-
