2492 3741
631 194 730 271 80

507 303 621 368 bus
643 301 755 366 fibi
781 302 1043 386 Regiam
1075 296 1376 362 aedificent
1399 340 1412 364 ‚
1441 294 1619 358 nullis
1648 314 1780 355 eam
1805 309 2005 355 tamen
2038 284 2306 352 fenestris

510 445 804 492 exornent
829 451 844 496 ·‚
870 425 969 488 led
998 471 1012 494 ,
1041 421 1344 488 obstrud'to
1370 420 1784 504 vndequaque
1813 418 1963 478 ceris
2005 413 2266 476 aedificio
2288 455 2305 481 ‚

510 551 984 637 angustisfimum
1009 549 1114 612 fibi
1146 547 1384 611 aditum
1421 546 1768 629 relinquant
1793 588 1808 612 ,
1835 562 1946 603 nec
1975 539 2145 601 alteri
2178 538 2303 599 cui-

510 679 676 760 piam
703 674 1135 760 penetrabilem
1161 702 1182 736 .·
1217 670 1389 760 Qid
1406 716 1420 739 ,
1446 668 1617 754 quod
1644 691 1715 730 ea
1739 687 1979 729 morum
2014 661 2308 747 quodam-

510 798 696 862 modo
733 800 1027 860 suauitate
1053 838 1066 864 ‚
1106 803 1170 859 ὃς
1215 794 1674 861 mansuetudine
1709 790 1971 877 praeditae
2005 788 2141 850 sunt
2182 831 2196 854 ‚
2231 799 2305 848 vt

508 943 633 986 non
669 924 859 985 aliurn
900 919 1008 982 fibi
1039 919 1279 1002 Regem
1311 922 1567 1003 eligant,
1597 919 1782 1003 quam
1814 962 1828 985 ,
1849 918 1960 1000 qui
1987 913 2199 975 aculeo
2229 906 2308 973 ad

512 1045 959 1111 vindicandum
979 1064 1103 1107 non
1131 1061 1343 1109 Vtatur
1369 1051 1396 1107 ?
1429 1067 1581 1107 num
1608 1045 1942 1128 quicquam
1971 1042 2035 1100 in
2071 1035 2185 1100 hac
2219 1055 2308 1095 re-

509 1192 649 1233 rum
692 1188 906 1233 natura
946 1168 1234 1234 videmus
1260 1216 1276 1240 ,
1307 1169 1480 1255 quod
1516 1165 1840 1251 expreffius
1871 1163 2086 1228 referat
2128 1159 2306 1222 stere-

508 1293 792 1357 tissimam
830 1295 992 1356 illam
1025 1297 1148 1356 Dei
1185 1293 1645 1355 Prouidentiam
1667 1337 1682 1358 ,
1715 1312 1850 1372 quae
1891 1288 2110 1351 cuneta
2146 1284 2309 1346 forti—

510 1434 616 1487 ter,
642 1417 969 1500 suauiterq,
984 1416 1249 1500 disponit
1282 1421 1309 1479 ?
1351 1412 1768 1499 Quamobrem
1796 1409 1915 1473 hoc
1943 1408 2141 1495 ipsum
2167 1408 2311 1470 Infi-

512 1561 626 1624 gne
656 1557 913 1603 nontam
929 1541 963 1598 a
982 1540 1342 1607 Maioribus,
1354 1541 1543 1622 quam
1565 1535 1598 1596 e
1618 1536 1792 1600 Caelo
1818 1533 2311 1600 VRBANVM

515 1663 803 1748 accepisse
829 1661 1189 1726 crediderim
1222 1688 1236 1733 ;
1276 1665 1508 1747 quippe
1539 1665 1650 1745 qui
1683 1660 1932 1725 Diuinae
1975 1660 2309 1725 Prouiden-

515 1792 610 1853 tiae
650 1790 949 1870 Interpres
976 1832 990 1855 ‚
1017 1805 1200 1869 atque
1240 1786 1495 1849 Arbiter
1528 1787 1675 1849 olim
1716 1785 2121 1852 destinabatur
2152 1815 2164 1849 ε
2200 1808 2312 1849 nec

514 1916 738 1977 mirum
757 1956 770 1983 ,
798 1913 1004 1976 laureo
1030 1911 1182 1972 serto
1208 1909 1369 1971 illius
1401 1910 1574 1992 Apes
1603 1910 1866 1979 includi,
1899 1916 2011 1997 qui
2036 1911 2312 1976 Catholi-

512 2058 597 2100 cae
623 2037 894 2101 Ecclefiae
923 2034 1334 2120 gubernacula
1358 2050 1522 2098 tenet
1543 2079 1557 2103 ,
1583 2053 1769 2118 quam
1796 2036 1962 2099 nulla
1993 2055 2313 2120 'mquam-2

510 2161 771 2226 fulmina
795 2208 809 2232 ,
838 2162 1140 2245 nullaeque
1166 2159 1440 2243 procellae
1466 2205 1479 2229 ,
1525 2162 1627 2224 vel
1649 2160 1692 2223 fi
1724 2160 1797 2223 ab
1826 2160 2027 2223 inferis
2049 2163 2311 2224 exciten-

514 2306 615 2352 tur
638 2333 654 2357 ,
673 2305 994 2350 concutere
1019 2302 1306 2370 poterunt
1333 2310 1348 2346 ε
1378 2287 1483 2348 An
1508 2284 1662 2349 vero
1687 2287 1913 2350 laeuum
1944 2285 2098 2370 quid
2126 2287 2310 2370 patia-

516 2429 617 2476 tur
645 2457 661 2482 ,
687 2431 871 2497 quem
894 2410 1068 2501 lapsae
1097 2409 1128 2472 ἐ
1153 2412 1325 2474 Caelo
1357 2409 1636 2475 Virtutes
1664 2454 1678 2481 ,
1704 2416 1767 2474 ὃ(
1798 2411 1998 2474 diuini
2019 2409 2308 2474 Satellites

515 2530 931 2600 custodiunt-2231
963 2536 1232 2599 &Alatum
1262 2535 1530 2598 Puerum
1553 2582 1567 2606 ‚
1595 2538 1870 2600 lauream
1905 2534 2184 2599 manibus
2211 2555 2307 2618 ge·-

517 2662 796 2731 stantem,
835 2660 1166 2724 Pontificiae
1195 2662 1438 2726 poeseos
1466 2665 1711 2745 praemia
1742 2662 2143 2725 demonstrare
2182 2662 2308 2726 exi-

520 2786 884 2850 stimauerim
902 2831 917 2856 ,
943 2806 1065 2869 qua
1090 2787 1185 2848 ille
1226 2786 1654 2851 Nazianzenos
1677 2833 1692 2857 ‚
1727 2788 2010 2851 Paulinos
2035 2833 2050 2857 ,
2084 2787 2305 2849 Dama-

522 2912 634 2979 sos,
653 2909 992 2995 ceterosque
1018 2909 1400 2975 santilissimos
1419 2959 1432 2983 ,
1453 2920 1514 2977 &
1535 2913 1899 2980 doetissimos
1922 2913 2109 2976 Viros
2135 2934 2305 2992 emu-

524 3037 702 3103 latus,
731 3040 952 3098 mirum
981 3054 1278 3119 quantum
1308 3041 1371 3101 in
1393 3038 1662 3124 quolibet
1692 3044 1821 3103 eius
1847 3059 2061 3122 genere
2085 3036 2303 3100 florue-

524 3163 604 3223 rit
629 3208 643 3223 .
674 3158 903 3223 Merito
927 3161 1111 3243 igitur
1140 3162 1280 3242 Celi
1305 3162 1531 3229 Claues
1559 3182 1725 3230 tanto
1754 3164 1913 3226 Viro
1937 3164 2185 3247 Religio
2203 3162 2307 3226 de-

2081 3286 2219 3356 fert,
