2492 3741
625 254 778 332 ¹94

508 343 589 406 do
629 339 922 421 Principis
956 356 1123 398 aures
1160 380 1173 401 ,
1217 339 1279 397 &
1305 373 1318 401 ‚
1348 349 1418 396 vt
1453 328 1723 415 primum
1755 332 1909 391 intra
1952 322 2293 388 pontificias

517 464 716 530 Aedes
753 462 807 524 se
842 467 1066 544 recepit
1089 505 1104 528 ,
1135 480 1229 519 me
1267 455 1437 519 aliud
1465 453 1698 538 prorsus
1729 470 1938 536 agente
1965 497 1978 519 ,
2009 448 2296 514 Benedel-

518 594 670 654 lium
708 589 933 650 acciuit
967 590 1184 667 <quem
1211 583 1246 644 ὰ
1273 583 1522 644 secretis
1560 578 1776 641 habuit
1804 577 1956 640 dum
1984 575 2139 638 vixit
2170 618 2182 641 ,
2219 591 2300 633 at-

521 735 641 798 que
679 710 858 776 vnice
896 710 1142 777 dilexit3
1175 729 1317 769 mox
1339 749 1352 776 ‚
1383 705 1580 769 veluti
1610 703 1944 787 prudentiae
1972 746 1985 768 ,
2020 705 2080 761 &L
2111 700 2303 761 virtu-

524 855 661 900 tum
698 835 1044 898 thesaurum
1082 876 1097 899 ‚
1139 830 1617 894 Eminentissimo
1654 826 1982 889 Cardinali
2023 823 2305 885 Antonio

521 961 677 1024 Filio
715 960 987 1042 legauit)
1037 955 1473 1038 mandauitque
1497 1000 1511 1024 ‚
1546 971 1615 1018 vt
1641 975 1739 1015 eos
1783 952 1968 1037 quam
1997 946 2305 1033 primunb

522 1085 717 1148 adiret
743 1128 757 1151 ‚
786 1084 863 1146 ad
889 1102 1041 1165 quos
1067 1079 1474 1163 Thrasymeni
1501 1081 1724 1144 locatio
1751 1075 2046 1162 spectabat
2064 1118 2076 1141 ‚
2107 1092 2311 1133 mone-

523 1230 732 1292 retque
760 1206 1048 1290 singulos,
1081 1227 1154 1266 ne
1188 1207 1377 1270 alium
1407 1205 1605 1266 Vllum
1637 1202 2069 1265 conducfforem
2101 1197 2315 1259 admit·

462 1377 464 1380 -
527 1351 753 1400 terent,
789 1350 999 1416 praeter
1030 1352 1226 1397 Vnum
1254 1330 1510 1392 Tetium
1540 1375 1551 1387 .
1613 1325 1739 1386 Hic
1781 1323 2097 1386 enimvero
2137 1343 2319 1403 cogor

528 1460 860 1520 exclamare
885 1503 899 1527 ,
945 1458 1016 1518 O*
1049 1459 1237 1519 animi
1266 1450 1748 1536 magnitudinem
1782 1446 2196 1511 admirandam
2230 1452 2242 1504 Ξ
2282 1444 2323 1505 ὸ

529 1575 987 1643 beneficentiam
1027 1579 1384 1653 singularem
1424 1585 1436 1638 !
1502 1577 1646 1640 Hoc
1684 1596 1885 1639 tamen
1930 1571 2172 1636 fortuna
2217 1570 2327 1631 mi-

533 1705 601 1767 hi
648 1696 1015 1788 beneficium
1059 1696 1287 1759 inuidit
1321 1741 1334 1765 ,
1379 1703 1441 1759 &
1481 1700 1650 1779 quod
1685 1719 1850 1763 tanta
1888 1699 2185 1780 Principis
2227 1693 2326 1756 be-

532 1828 820 1911 nignitate
848 1818 1059 1917 deitum
1087 1815 1281 1877 fuerat
1308 1860 1321 1882 ‚
1348 1821 1647 1879 violenter
1676 1825 2024 1905 praeripuit3
2058 1817 2331 1903 quando-

532 1950 780 2038 quidem
808 1941 1057 2034 biennio
1082 1958 1411 2024 antequam
1436 1941 1657 2004 locatio
1683 1960 1858 2005 vetus
1883 1944 2193 2012 desineret,
2228 1963 2332 2005 no-

533 2101 616 2142 ua
653 2121 667 2144 ‚
709 2087 919 2156 praeter
954 2064 1461 2128 consuetudinem
1505 2113 1519 2137 ‚
1562 2072 1878 2152 impetrata
1919 2073 2038 2129 iam
2081 2066 2277 2130 fuerat
2319 2117 2332 2130 .

536 2202 613 2264 Id
650 2216 854 2262 autem
900 2188 1302 2253 nihilominus
1346 2193 1695 2255 iucundum
1738 2192 1962 2256 accidit
1997 2192 2148 2255 mihi
2181 2238 2195 2261 ‚
2232 2198 2333 2256 cuj

539 2345 660 2390 tam
686 2315 965 2405 prompte
1000 2313 1311 2379 exhibitus
1333 2338 1486 2380 vnus
1518 2318 1729 2381 Caroli
1765 2316 2333 2381 beneficentissimus

541 2453 777 2513 animus
806 2446 1101 2529 pretium,
1130 2448 1192 2504 ὃς
1222 2463 1442 2504 merces
1473 2442 1613 2513 fuit,
1633 2463 1800 2506 extra
1831 2443 2083 2506 fortunae
2106 2444 2336 2508 aleam,

543 2591 817 2654 accepta:
836 2570 984 2630 noui
1012 2570 1175 2628 enim
1209 2570 1271 2628 in
1298 2569 1536 2652 reliquis
1566 2551 1977 2654 Thrasymeni
2006 2571 2335 2650 ingenium,

548 2707 611 2762 ὃ(
639 2694 944 2759 malefidas
980 2691 1172 2758 vndas
1199 2736 1212 2762 ,
1238 2714 1371 2778 quae
1407 2693 1548 2776 saepe
1576 2696 1792 2759 fallunt
1823 2692 2178 2779 piscantium
2216 2715 2342 2755 ma-

548 2846 677 2892 nus,
694 2841 939 2907 queque
964 2818 1296 2901 aliquando
1319 2824 1496 2882 etiam
1524 2823 1800 2905 implexis
1823 2819 2161 2883 vorticibus
2188 2820 2338 2901 ipsas

523 2942 535 2959 ⁴
552 2965 701 3010 rates
729 2944 1109 3008 absorbuere:
1130 2943 1272 3006 hinc
1299 2945 1738 3028 quoq-,edoctus
1756 2944 2124 3015 ‚vberiorem
2151 2965 2219 3004 ac
2244 2959 2337 3005 tu-

551 3076 766 3134 tiorem
782 3071 1247 3153 expiscationem
1278 3072 1508 3132 nullam
1533 3071 2004 3154 ‹essequamquec¹
2023 3066 2339 3131 munifico-

555 3217 690 3258 rum
723 3197 1077 3277 Principum
1105 3194 1437 3259 constantes
1467 3198 1720 3261 virtutes
1749 3197 2033 3277 inquirit.
2082 3193 2181 3255 De
2218 3210 2340 3274 qua

2084 3316 2258 3377 bene-

2468 3263 2473 3303 ?
2488 3291 2492 3299 .

2464 3349 2469 3428 ι’

2467 3302 2492 3435 ⁵]

2463 3430 2490 3482 ³>

2462 3487 2489 3523 {i
